<?xml version="1.0" encoding="UTF-8"?>
<!DOCTYPE html PUBLIC "-//W3C//DTD XHTML 1.0 Transitional//EN"
    "http://www.w3.org/TR/xhtml1/DTD/xhtml1-transitional.dtd">
<html xmlns="http://www.w3.org/1999/xhtml" xml:lang="en" lang="en">
 <head>
  <title>
</title>
<meta http-equiv="Content-Type" content="text/html;charset=utf-8" />
  <meta name='ocr-system' content='tesseract 3.04.00' />
  <meta name='ocr-capabilities' content='ocr_page ocr_carea ocr_par ocr_line ocrx_word'/>
</head>
<body>
  <div class='ocr_page' id='page_1' title='image "./thucydidisdebel01unkngoog_0327.png"; bbox 0 0 3109 4909; ppageno 0'>
   <div class='ocr_carea' id='block_1_1' title="bbox 861 335 1930 422">
    <p class='ocr_par' dir='ltr' id='par_1_1' title="bbox 861 335 1930 422">
     <span class='ocr_line' id='line_1_1' title="bbox 861 335 1930 422; baseline 0.001 -22.002"><span class='ocrx_word' id='word_1_1' title='bbox 861 335 1357 404; x_wconf 69' lang='grc' dir='ltr'><strong>ΞΥΓΓΡΑΦΗΣ</strong></span> <span class='ocrx_word' id='word_1_2' title='bbox 1399 339 1487 401; x_wconf 79' lang='grc' dir='ltr'><strong>Θ.</strong></span> <span class='ocrx_word' id='word_1_3' title='bbox 1550 335 1747 403; x_wconf 86' lang='lat' dir='ltr'>VIII.</span> <span class='ocrx_word' id='word_1_4' title='bbox 1785 352 1930 422; x_wconf 88' lang='lat'>107.</span> 
     </span>
    </p>
   </div>
   <div class='ocr_carea' id='block_1_2' title="bbox 2299 352 2428 425">
    <p class='ocr_par' dir='ltr' id='par_1_2' title="bbox 2299 352 2428 425">
     <span class='ocr_line' id='line_1_2' title="bbox 2299 352 2428 425; baseline 0.016 -23"><span class='ocrx_word' id='word_1_5' title='bbox 2299 352 2428 425; x_wconf 76' lang='lat'><strong>301</strong></span> 
     </span>
    </p>
   </div>
   <div class='ocr_carea' id='block_1_3' title="bbox 339 505 2705 619">
    <p class='ocr_par' dir='ltr' id='par_1_3' title="bbox 339 505 2705 619">
     <span class='ocr_line' id='line_1_3' title="bbox 339 505 2705 619; baseline -0.001 -31"><span class='ocrx_word' id='word_1_6' title='bbox 339 542 556 615; x_wconf 77' lang='grc' dir='ltr'><strong><em>ματα</em></strong></span> <span class='ocrx_word' id='word_1_7' title='bbox 590 505 991 617; x_wconf 61' lang='grc' dir='ltr'><strong><em>ἀνέκραξαν.</em></strong></span> <span class='ocrx_word' id='word_1_8' title='bbox 1053 506 1394 591; x_wconf 64' lang='grc' dir='ltr'><strong><em>ἔπλευσαν</em></strong></span> <span class='ocrx_word' id='word_1_9' title='bbox 1429 505 1587 590; x_wconf 63' lang='grc' dir='ltr'><strong>ὃὶ’</strong></span> <span class='ocrx_word' id='word_1_10' title='bbox 1558 545 1619 592; x_wconf 78' lang='grc' dir='ltr'><strong>εν</strong></span> <span class='ocrx_word' id='word_1_11' title='bbox 1676 509 1880 619; x_wconf 72' lang='grc' dir='ltr'><strong><em>τούτῳ</em></strong></span> <span class='ocrx_word' id='word_1_12' title='bbox 1934 516 2054 591; x_wconf 72' lang='grc' dir='ltr'><strong>καὶ</strong></span> <span class='ocrx_word' id='word_1_13' title='bbox 2110 518 2170 595; x_wconf 72' lang='grc' dir='ltr'><strong>οἱ</strong></span> <span class='ocrx_word' id='word_1_14' title='bbox 2218 521 2440 592; x_wconf 58' lang='grc' dir='ltr'><strong><em>Πελσι-</em></strong></span> <span class='ocrx_word' id='word_1_15' title='bbox 2454 529 2604 603; x_wconf 51' lang='grc' dir='ltr'><strong>ΨΜ,</strong></span> <span class='ocrx_word' id='word_1_16' title='bbox 2626 541 2705 575; x_wconf 78' lang='grc' dir='ltr'><strong><em>αν·</em></strong></span> 
     </span>
    </p>
   </div>
   <div class='ocr_carea' id='block_1_4' title="bbox 334 677 1352 1349">
    <p class='ocr_par' dir='ltr' id='par_1_4' title="bbox 334 677 1352 1322">
     <span class='ocr_line' id='line_1_4' title="bbox 336 677 1347 758; baseline 0 -21"><span class='ocrx_word' id='word_1_17' title='bbox 336 678 528 737; x_wconf 90' lang='lat' dir='ltr'><strong>dolem</strong></span> <span class='ocrx_word' id='word_1_18' title='bbox 559 677 764 737; x_wconf 85' lang='lat' dir='ltr'><strong>civium</strong></span> <span class='ocrx_word' id='word_1_19' title='bbox 787 678 1232 758; x_wconf 78' lang='lat' dir='ltr'><strong>doctrinamque,</strong></span> <span class='ocrx_word' id='word_1_20' title='bbox 1258 680 1347 737; x_wconf 87' lang='lat' dir='ltr'><strong>in-</strong></span> 
     </span>
     <span class='ocr_line' id='line_1_5' title="bbox 335 760 1349 840; baseline 0.003 -24"><span class='ocrx_word' id='word_1_21' title='bbox 335 780 483 840; x_wconf 79' lang='lat' dir='ltr'><strong>gens</strong></span> <span class='ocrx_word' id='word_1_22' title='bbox 563 773 624 819; x_wconf 88' lang='lat' dir='ltr'><strong>et</strong></span> <span class='ocrx_word' id='word_1_23' title='bbox 702 760 845 818; x_wconf 88' lang='lat' dir='ltr'><strong>illud</strong></span> <span class='ocrx_word' id='word_1_24' title='bbox 932 773 1349 840; x_wconf 78' lang='lat' dir='ltr'><strong>argumentum,</strong></span> 
     </span>
     <span class='ocr_line' id='line_1_6' title="bbox 338 841 1350 920; baseline 0.002 -22"><span class='ocrx_word' id='word_1_25' title='bbox 338 853 713 899; x_wconf 88' lang='lat' dir='ltr'><strong>transeamus.</strong></span> <span class='ocrx_word' id='word_1_26' title='bbox 795 842 1001 920; x_wconf 85' lang='lat' dir='ltr'>Neque</span> <span class='ocrx_word' id='word_1_27' title='bbox 1037 841 1190 901; x_wconf 90' lang='lat' dir='ltr'><strong>enim</strong></span> <span class='ocrx_word' id='word_1_28' title='bbox 1232 842 1350 900; x_wconf 85' lang='lat' dir='ltr'><strong>fru-</strong></span> 
     </span>
     <span class='ocr_line' id='line_1_7' title="bbox 337 919 1345 999; baseline 0.001 -21"><span class='ocrx_word' id='word_1_29' title='bbox 337 934 459 979; x_wconf 76' lang='lat' dir='ltr'><strong>stra</strong></span> <span class='ocrx_word' id='word_1_30' title='bbox 483 919 773 991; x_wconf 73' lang='lat' dir='ltr'><strong>Aristides,</strong></span> <span class='ocrx_word' id='word_1_31' title='bbox 803 922 952 980; x_wconf 73' lang='grc' dir='ltr'><strong><em>Ουτοι</em></strong></span> <span class='ocrx_word' id='word_1_32' title='bbox 986 930 1084 981; x_wconf 69' lang='grc' dir='ltr'><strong>τᾶν</strong></span> <span class='ocrx_word' id='word_1_33' title='bbox 1121 924 1206 999; x_wconf 70' lang='grc' dir='ltr'><strong>πρὸ</strong></span> <span class='ocrx_word' id='word_1_34' title='bbox 1253 928 1345 979; x_wconf 71' lang='grc' dir='ltr'><strong><em>αὖ·</em></strong></span> 
     </span>
     <span class='ocr_line' id='line_1_8' title="bbox 334 1003 1352 1079; baseline 0.002 -21"><span class='ocrx_word' id='word_1_35' title='bbox 334 1009 438 1059; x_wconf 73' lang='grc' dir='ltr'><strong><em>τῢν</em></strong></span> <span class='ocrx_word' id='word_1_36' title='bbox 488 1005 743 1073; x_wconf 81' lang='grc' dir='ltr'><strong><em>βασιλέων</em></strong></span> <span class='ocrx_word' id='word_1_37' title='bbox 795 1026 937 1079; x_wconf 72' lang='grc' dir='ltr'><strong><em>προγο</em></strong></span> <span class='ocrx_word' id='word_1_38' title='bbox 926 1003 1036 1070; x_wconf 82' lang='grc' dir='ltr'><strong><em>’νους</em></strong></span> <span class='ocrx_word' id='word_1_39' title='bbox 1099 1004 1352 1075; x_wconf 78' lang='grc' dir='ltr'><strong><em>βασιλέας</em></strong></span> 
     </span>
     <span class='ocr_line' id='line_1_9' title="bbox 334 1084 1347 1159; baseline 0 -20"><span class='ocrx_word' id='word_1_40' title='bbox 334 1084 662 1159; x_wconf 64' lang='grc' dir='ltr'><strong>1παρέσχοντο.</strong></span> <span class='ocrx_word' id='word_1_41' title='bbox 704 1085 791 1140; x_wconf 75' lang='grc' dir='ltr'><strong><em>καὶ</em></strong></span> <span class='ocrx_word' id='word_1_42' title='bbox 821 1088 920 1140; x_wconf 66' lang='grc' dir='ltr'><strong><em>ὅσοι</em></strong></span> <span class='ocrx_word' id='word_1_43' title='bbox 905 1085 960 1140; x_wconf 75' lang='grc' dir='ltr'><strong><em>ἴα</em></strong></span> <span class='ocrx_word' id='word_1_44' title='bbox 983 1108 1060 1151; x_wconf 83' lang='grc' dir='ltr'><strong>τις</strong></span> <span class='ocrx_word' id='word_1_45' title='bbox 1091 1085 1122 1153; x_wconf 75' lang='grc' dir='ltr'><strong>ἧ</strong></span> <span class='ocrx_word' id='word_1_46' title='bbox 1149 1107 1235 1139; x_wconf 81' lang='grc' dir='ltr'><strong><em>του</em></strong></span> <span class='ocrx_word' id='word_1_47' title='bbox 1207 1085 1347 1158; x_wconf 61' lang='lat'><em>8076-</em></span> 
     </span>
     <span class='ocr_line' id='line_1_10' title="bbox 334 1160 1348 1241; baseline 0.001 -21"><span class='ocrx_word' id='word_1_48' title='bbox 334 1186 442 1229; x_wconf 81' lang='grc' dir='ltr'><strong><em>νους</em></strong></span> <span class='ocrx_word' id='word_1_49' title='bbox 486 1169 636 1220; x_wconf 77' lang='grc' dir='ltr'><strong><em>αὖτοῒ</em></strong></span> <span class='ocrx_word' id='word_1_50' title='bbox 610 1188 653 1229; x_wconf 82' lang='grc' dir='ltr'><strong>ις</strong></span> <span class='ocrx_word' id='word_1_51' title='bbox 695 1165 1038 1241; x_wconf 69' lang='grc' dir='ltr'><strong>ἀμφοτέρωθεν</strong></span> <span class='ocrx_word' id='word_1_52' title='bbox 1090 1160 1149 1229; x_wconf 75' lang='grc' dir='ltr'><strong>ἐξ</strong></span> <span class='ocrx_word' id='word_1_53' title='bbox 1195 1168 1348 1240; x_wconf 69' lang='grc' dir='ltr'><strong><em>ἀρχῆς</em></strong></span> 
     </span>
     <span class='ocr_line' id='line_1_11' title="bbox 334 1245 1345 1349; baseline 0 -48"><span class='ocrx_word' id='word_1_54' title='bbox 334 1245 652 1314; x_wconf 68' lang='grc' dir='ltr'><strong><em>κατασκευὴ,</em></strong></span> <span class='ocrx_word' id='word_1_55' title='bbox 677 1245 765 1302; x_wconf 72' lang='grc' dir='ltr'><strong><em>καὶ</em></strong></span> <span class='ocrx_word' id='word_1_56' title='bbox 796 1245 1031 1349; x_wconf 72' lang='grc' dir='ltr'><strong><em>τροφὴν”’</em></strong></span> <span class='ocrx_word' id='word_1_57' title='bbox 999 1268 1104 1315; x_wconf 82' lang='grc' dir='ltr'><strong><em>ηντι</em></strong></span> <span class='ocrx_word' id='word_1_58' title='bbox 1088 1269 1168 1301; x_wconf 86' lang='grc' dir='ltr'><strong>ινα</strong></span> <span class='ocrx_word' id='word_1_59' title='bbox 1195 1249 1345 1320; x_wconf 73' lang='grc' dir='ltr'><strong><em>ἐτρά-</em></strong></span> 
     </span>
    </p>
   </div>
   <div class='ocr_carea' id='block_1_5' title="bbox 335 1321 1349 1475">
    <p class='ocr_par' dir='ltr' id='par_1_5' title="bbox 335 1321 1349 1475">
     <span class='ocr_line' id='line_1_12' title="bbox 335 1321 1349 1403; baseline 0.001 -23"><span class='ocrx_word' id='word_1_60' title='bbox 335 1333 532 1401; x_wconf 80' lang='grc' dir='ltr'><strong><em>φησαν,</em></strong></span> <span class='ocrx_word' id='word_1_61' title='bbox 576 1325 664 1381; x_wconf 72' lang='grc' dir='ltr'><strong><em>καὶ</em></strong></span> <span class='ocrx_word' id='word_1_62' title='bbox 711 1329 794 1403; x_wconf 79' lang='grc' dir='ltr'><strong>ἐφ’</strong></span> <span class='ocrx_word' id='word_1_63' title='bbox 841 1321 907 1390; x_wconf 72' lang='grc' dir='ltr'><strong><em>οἷς</em></strong></span> <span class='ocrx_word' id='word_1_64' title='bbox 950 1343 1077 1382; x_wconf 84' lang='grc' dir='ltr'><strong><em>τισι·</em></strong></span> <span class='ocrx_word' id='word_1_65' title='bbox 1133 1326 1220 1381; x_wconf 72' lang='grc' dir='ltr'><strong><em>καὶ</em></strong></span> <span class='ocrx_word' id='word_1_66' title='bbox 1261 1328 1349 1394; x_wconf 67' lang='grc' dir='ltr'><strong>τῆς</strong></span> 
     </span>
     <span class='ocr_line' id='line_1_13' title="bbox 340 1411 1349 1475; baseline 0.001 -14"><span class='ocrx_word' id='word_1_67' title='bbox 340 1411 677 1462; x_wconf 80' lang='grc' dir='ltr'><strong>ΠΔῙΔΕῙΑΣ</strong></span> <span class='ocrx_word' id='word_1_68' title='bbox 717 1429 805 1474; x_wconf 79' lang='grc' dir='ltr'><strong>της</strong></span> <span class='ocrx_word' id='word_1_69' title='bbox 839 1412 1217 1462; x_wconf 71' lang='grc' dir='ltr'><strong>ΣΤΜΠΑΣΗΣ</strong></span> <span class='ocrx_word' id='word_1_70' title='bbox 1258 1430 1349 1475; x_wconf 78' lang='grc' dir='ltr'><strong><em>την</em></strong></span> 
     </span>
    </p>
   </div>
   <div class='ocr_carea' id='block_1_6' title="bbox 334 1482 1348 3335">
    <p class='ocr_par' dir='ltr' id='par_1_6' title="bbox 334 1482 1348 3335">
     <span class='ocr_line' id='line_1_14' title="bbox 335 1482 1344 1562; baseline 0.001 -21"><span class='ocrx_word' id='word_1_71' title='bbox 335 1489 631 1560; x_wconf 70' lang='grc' dir='ltr'><strong><em>περιουσίαν,</em></strong></span> <span class='ocrx_word' id='word_1_72' title='bbox 648 1484 831 1562; x_wconf 73' lang='grc' dir='ltr'><strong><em>μακρός</em></strong></span> <span class='ocrx_word' id='word_1_73' title='bbox 856 1509 914 1542; x_wconf 81' lang='grc' dir='ltr'><strong>τε</strong></span> <span class='ocrx_word' id='word_1_74' title='bbox 941 1485 1080 1559; x_wconf 65' lang='grc' dir='ltr'><strong><em>λόγος</em></strong></span> <span class='ocrx_word' id='word_1_75' title='bbox 1105 1482 1344 1551; x_wconf 74' lang='grc' dir='ltr'><strong><em>διεξιέναι.</em></strong></span> 
     </span>
     <span class='ocr_line' id='line_1_15' title="bbox 337 1563 1345 1642; baseline 0.001 -20"><span class='ocrx_word' id='word_1_76' title='bbox 337 1563 531 1623; x_wconf 89' lang='lat' dir='ltr'><strong>Nobis</strong></span> <span class='ocrx_word' id='word_1_77' title='bbox 560 1564 709 1622; x_wconf 86' lang='lat' dir='ltr'><strong>hanc</strong></span> <span class='ocrx_word' id='word_1_78' title='bbox 745 1575 961 1642; x_wconf 83' lang='lat' dir='ltr'><strong>partem</strong></span> <span class='ocrx_word' id='word_1_79' title='bbox 990 1563 1227 1622; x_wconf 87' lang='lat' dir='ltr'><strong>strictim</strong></span> <span class='ocrx_word' id='word_1_80' title='bbox 1258 1576 1345 1623; x_wconf 88' lang='lat' dir='ltr'><strong>te·</strong></span> 
     </span>
     <span class='ocr_line' id='line_1_16' title="bbox 338 1642 1346 1737; baseline 0.001 -36"><span class='ocrx_word' id='word_1_81' title='bbox 338 1642 537 1737; x_wconf 76' lang='lat' dir='ltr'><strong>tigisse</strong></span> <span class='ocrx_word' id='word_1_82' title='bbox 563 1644 821 1704; x_wconf 84' lang='lat' dir='ltr'><strong>sufficiat.</strong></span> <span class='ocrx_word' id='word_1_83' title='bbox 889 1647 1050 1704; x_wconf 90' lang='lat' dir='ltr'><strong>Inter</strong></span> <span class='ocrx_word' id='word_1_84' title='bbox 1069 1644 1346 1737; x_wconf 87' lang='lat' dir='ltr'><strong>Antiqua-</strong></span> 
     </span>
     <span class='ocr_line' id='line_1_17' title="bbox 340 1723 1348 1804; baseline 0 -22"><span class='ocrx_word' id='word_1_85' title='bbox 340 1723 457 1782; x_wconf 90' lang='lat' dir='ltr'><strong>rios</strong></span> <span class='ocrx_word' id='word_1_86' title='bbox 491 1745 626 1804; x_wconf 86' lang='lat' dir='ltr'><strong>ergo</strong></span> <span class='ocrx_word' id='word_1_87' title='bbox 672 1736 733 1783; x_wconf 92' lang='lat' dir='ltr'><strong>et</strong></span> <span class='ocrx_word' id='word_1_88' title='bbox 759 1724 1079 1783; x_wconf 87' lang='lat' dir='ltr'><strong>Historicos</strong></span> <span class='ocrx_word' id='word_1_89' title='bbox 1107 1723 1348 1785; x_wconf 84' lang='lat' dir='ltr'>eminuit</span> 
     </span>
     <span class='ocr_line' id='line_1_18' title="bbox 337 1805 1345 1904; baseline 0.002 -42"><span class='ocrx_word' id='word_1_90' title='bbox 337 1806 619 1864; x_wconf 83' lang='lat' dir='ltr'><strong>Athenaeo</strong></span> <span class='ocrx_word' id='word_1_91' title='bbox 679 1825 952 1904; x_wconf 73' lang='lat' dir='ltr'><strong>sponsore</strong></span> <span class='ocrx_word' id='word_1_92' title='bbox 1006 1805 1345 1899; x_wconf 86' lang='lat' dir='ltr'><strong>Agathocles</strong></span> 
     </span>
     <span class='ocr_line' id='line_1_19' title="bbox 341 1885 1125 1965; baseline 0.003 -22"><span class='ocrx_word' id='word_1_93' title='bbox 341 1885 678 1964; x_wconf 85' lang='lat' dir='ltr'><strong>Cyzicenus,</strong></span> <span class='ocrx_word' id='word_1_94' title='bbox 746 1891 906 1965; x_wconf 70' lang='lat' dir='ltr'><strong>quus</strong></span> <span class='ocrx_word' id='word_1_95' title='bbox 952 1885 1125 1945; x_wconf 88' lang='lat' dir='ltr'><strong>etiam</strong></span> 
     </span>
     <span class='ocr_line' id='line_1_20' title="bbox 342 1966 1345 2026; baseline 0.003 -3"><span class='ocrx_word' id='word_1_96' title='bbox 342 1979 601 2025; x_wconf 88' lang='lat' dir='ltr'><strong>mentum</strong></span> <span class='ocrx_word' id='word_1_97' title='bbox 645 1979 829 2025; x_wconf 80' lang='lat' dir='ltr'><strong>servat</strong></span> <span class='ocrx_word' id='word_1_98' title='bbox 867 1966 1200 2026; x_wconf 86' lang='lat' dir='ltr'><strong>Eustathius</strong></span> <span class='ocrx_word' id='word_1_99' title='bbox 1237 1968 1345 2025; x_wconf 90' lang='lat' dir='ltr'><strong>Ed.</strong></span> 
     </span>
     <span class='ocr_line' id='line_1_21' title="bbox 340 2047 1346 2125; baseline 0.001 -20"><span class='ocrx_word' id='word_1_100' title='bbox 340 2047 592 2105; x_wconf 85' lang='lat' dir='ltr'><strong>Roman.</strong></span> <span class='ocrx_word' id='word_1_101' title='bbox 622 2068 680 2125; x_wconf 90' lang='lat' dir='ltr'><strong>p.</strong></span> <span class='ocrx_word' id='word_1_102' title='bbox 707 2066 846 2124; x_wconf 89' lang='lat'><strong>904.</strong></span> <span class='ocrx_word' id='word_1_103' title='bbox 926 2048 1138 2106; x_wconf 86' lang='lat' dir='ltr'>Utrum</span> <span class='ocrx_word' id='word_1_104' title='bbox 1166 2048 1346 2108; x_wconf 87' lang='lat' dir='ltr'><strong>diver·</strong></span> 
     </span>
     <span class='ocr_line' id='line_1_22' title="bbox 339 2126 1347 2223; baseline 0.002 -38"><span class='ocrx_word' id='word_1_105' title='bbox 339 2147 440 2185; x_wconf 87' lang='lat' dir='ltr'><strong>sus</strong></span> <span class='ocrx_word' id='word_1_106' title='bbox 467 2126 542 2185; x_wconf 85' lang='lat' dir='ltr'><strong>sit</strong></span> <span class='ocrx_word' id='word_1_107' title='bbox 575 2129 648 2186; x_wconf 90' lang='lat' dir='ltr'><strong>ab</strong></span> <span class='ocrx_word' id='word_1_108' title='bbox 675 2128 987 2207; x_wconf 82' lang='lat' dir='ltr'><strong>Agathocle</strong></span> <span class='ocrx_word' id='word_1_109' title='bbox 1012 2128 1347 2223; x_wconf 85' lang='lat' dir='ltr'><strong>Babylonio,</strong></span> 
     </span>
     <span class='ocr_line' id='line_1_23' title="bbox 339 2206 1346 2302; baseline 0.001 -36"><span class='ocrx_word' id='word_1_110' title='bbox 339 2206 444 2286; x_wconf 89' lang='lat' dir='ltr'><strong>qui</strong></span> <span class='ocrx_word' id='word_1_111' title='bbox 468 2208 541 2267; x_wconf 90' lang='lat' dir='ltr'><strong>de</strong></span> <span class='ocrx_word' id='word_1_112' title='bbox 567 2208 782 2302; x_wconf 84' lang='lat' dir='ltr'>Cyzico</span> <span class='ocrx_word' id='word_1_113' title='bbox 827 2208 1113 2286; x_wconf 80' lang='lat' dir='ltr'><strong>scripserit</strong></span> <span class='ocrx_word' id='word_1_114' title='bbox 1156 2208 1346 2287; x_wconf 83' lang='lat' dir='ltr'><strong>cujus-</strong></span> 
     </span>
     <span class='ocr_line' id='line_1_24' title="bbox 339 2288 1341 2368; baseline 0.002 -21"><span class='ocrx_word' id='word_1_115' title='bbox 339 2309 454 2367; x_wconf 87' lang='lat' dir='ltr'><strong>que</strong></span> <span class='ocrx_word' id='word_1_116' title='bbox 491 2288 854 2348; x_wconf 88' lang='lat' dir='ltr'><strong>meminerint</strong></span> <span class='ocrx_word' id='word_1_117' title='bbox 879 2292 1082 2350; x_wconf 81' lang='lat' dir='ltr'><strong>Festus</strong></span> <span class='ocrx_word' id='word_1_118' title='bbox 1116 2289 1341 2368; x_wconf 89' lang='lat' dir='ltr'><strong>aliique,</strong></span> 
     </span>
     <span class='ocr_line' id='line_1_25' title="bbox 340 2368 1340 2440; baseline 0.002 -13"><span class='ocrx_word' id='word_1_119' title='bbox 340 2389 462 2427; x_wconf 89' lang='lat' dir='ltr'><strong>non</strong></span> <span class='ocrx_word' id='word_1_120' title='bbox 487 2368 650 2429; x_wconf 86' lang='lat' dir='ltr'><strong>facile</strong></span> <span class='ocrx_word' id='word_1_121' title='bbox 675 2369 895 2429; x_wconf 86' lang='lat' dir='ltr'><strong>dixeris.</strong></span> <span class='ocrx_word' id='word_1_122' title='bbox 938 2372 1156 2431; x_wconf 84' lang='lat' dir='ltr'><strong>Teucer</strong></span> <span class='ocrx_word' id='word_1_123' title='bbox 1181 2371 1340 2440; x_wconf 90' lang='lat' dir='ltr'><strong>item,</strong></span> 
     </span>
     <span class='ocr_line' id='line_1_26' title="bbox 338 2448 1344 2545; baseline 0.003 -38"><span class='ocrx_word' id='word_1_124' title='bbox 338 2448 439 2528; x_wconf 90' lang='lat' dir='ltr'><strong>qui</strong></span> <span class='ocrx_word' id='word_1_125' title='bbox 479 2451 552 2509; x_wconf 89' lang='lat' dir='ltr'><strong>de</strong></span> <span class='ocrx_word' id='word_1_126' title='bbox 579 2449 875 2530; x_wconf 83' lang='lat' dir='ltr'><strong>Byzantio,</strong></span> <span class='ocrx_word' id='word_1_127' title='bbox 903 2453 1077 2545; x_wconf 81' lang='lat' dir='ltr'><strong>Tyrp,</strong></span> <span class='ocrx_word' id='word_1_128' title='bbox 1105 2450 1344 2511; x_wconf 84' lang='lat' dir='ltr'><strong>Arabica</strong></span> 
     </span>
     <span class='ocr_line' id='line_1_27' title="bbox 341 2529 1343 2611; baseline 0.001 -22"><span class='ocrx_word' id='word_1_129' title='bbox 341 2529 497 2589; x_wconf 87' lang='lat' dir='ltr'><strong>Hist.</strong></span> <span class='ocrx_word' id='word_1_130' title='bbox 521 2532 558 2589; x_wconf 85' lang='lat' dir='ltr'>J</span> <span class='ocrx_word' id='word_1_131' title='bbox 563 2531 819 2590; x_wconf 78' lang='lat' dir='ltr'><strong>udaicam</strong></span> <span class='ocrx_word' id='word_1_132' title='bbox 847 2531 1089 2611; x_wconf 75' lang='lat' dir='ltr'><strong>scripsit,</strong></span> <span class='ocrx_word' id='word_1_133' title='bbox 1112 2551 1147 2590; x_wconf 90' lang='lat' dir='ltr'><strong>a</strong></span> <span class='ocrx_word' id='word_1_134' title='bbox 1169 2531 1343 2590; x_wconf 87' lang='lat' dir='ltr'><strong>Suida</strong></span> 
     </span>
     <span class='ocr_line' id='line_1_28' title="bbox 335 2612 1340 2706; baseline -0.001 -36"><span class='ocrx_word' id='word_1_135' title='bbox 335 2623 401 2670; x_wconf 89' lang='lat' dir='ltr'><strong>et</strong></span> <span class='ocrx_word' id='word_1_136' title='bbox 435 2612 793 2706; x_wconf 85' lang='lat' dir='ltr'><strong>Etymologo</strong></span> <span class='ocrx_word' id='word_1_137' title='bbox 826 2632 877 2670; x_wconf 85' lang='lat' dir='ltr'><strong>v.</strong></span> <span class='ocrx_word' id='word_1_138' title='bbox 907 2614 1150 2690; x_wconf 70' lang='lat' dir='ltr'><strong>Bam-pom</strong></span> <span class='ocrx_word' id='word_1_139' title='bbox 1151 2638 1174 2678; x_wconf 80' lang='grc' dir='ltr'><strong><em>ς</em></strong></span> <span class='ocrx_word' id='word_1_140' title='bbox 1217 2612 1340 2671; x_wconf 89' lang='lat' dir='ltr'><strong>lau-</strong></span> 
     </span>
     <span class='ocr_line' id='line_1_29' title="bbox 336 2690 1341 2752; baseline -0.001 -1"><span class='ocrx_word' id='word_1_141' title='bbox 336 2692 522 2751; x_wconf 88' lang='lat' dir='ltr'><strong>datur.</strong></span> <span class='ocrx_word' id='word_1_142' title='bbox 593 2690 793 2752; x_wconf 88' lang='lat' dir='ltr'><strong>Vide</strong></span> <span class='ocrx_word' id='word_1_143' title='bbox 778 2712 836 2751; x_wconf 88' lang='grc' dir='ltr'><strong>ιιι</strong></span> <span class='ocrx_word' id='word_1_144' title='bbox 878 2693 1031 2752; x_wconf 89' lang='lat' dir='ltr'><strong>Hist.</strong></span> <span class='ocrx_word' id='word_1_145' title='bbox 1059 2693 1162 2751; x_wconf 86' lang='lat' dir='ltr'><strong>Gr.</strong></span> <span class='ocrx_word' id='word_1_146' title='bbox 1190 2693 1341 2751; x_wconf 92' lang='lat' dir='ltr'><strong>Vos-</strong></span> 
     </span>
     <span class='ocr_line' id='line_1_30' title="bbox 334 2772 1341 2913; baseline -0.001 0"><span class='ocrx_word' id='word_1_147' title='bbox 334 2772 1341 2913; x_wconf 48' lang='lat' dir='ltr'><strong>mstffhlffsfflmzssgssf</strong></span> 
     </span>
     <span class='ocr_line' id='line_1_31' title="bbox 336 2934 1338 3026; baseline -0.002 -33"><span class='ocrx_word' id='word_1_148' title='bbox 336 2954 482 2993; x_wconf 87' lang='lat' dir='ltr'><strong>nus:</strong></span> <span class='ocrx_word' id='word_1_149' title='bbox 529 2934 886 2994; x_wconf 82' lang='lat' dir='ltr'><strong>Demetrium</strong></span> <span class='ocrx_word' id='word_1_150' title='bbox 931 2934 1087 2992; x_wconf 88' lang='lat' dir='ltr'><strong>Hist.</strong></span> <span class='ocrx_word' id='word_1_151' title='bbox 1114 2935 1338 3026; x_wconf 87' lang='lat' dir='ltr'><strong>Byzan-</strong></span> 
     </span>
     <span class='ocr_line' id='line_1_32' title="bbox 336 3013 1343 3092; baseline -0.004 -15"><span class='ocrx_word' id='word_1_152' title='bbox 336 3014 476 3078; x_wconf 74' lang='lat' dir='ltr'><strong>tinae</strong></span> <span class='ocrx_word' id='word_1_153' title='bbox 524 3027 812 3073; x_wconf 80' lang='lat' dir='ltr'><strong>auctorem</strong></span> <span class='ocrx_word' id='word_1_154' title='bbox 866 3014 976 3084; x_wconf 86' lang='lat' dir='ltr'><strong>alii,</strong></span> <span class='ocrx_word' id='word_1_155' title='bbox 1016 3013 1114 3092; x_wconf 89' lang='lat' dir='ltr'><strong>qui</strong></span> <span class='ocrx_word' id='word_1_156' title='bbox 1157 3013 1343 3073; x_wconf 86' lang='lat' dir='ltr'><strong>medio</strong></span> 
     </span>
     <span class='ocr_line' id='line_1_33' title="bbox 335 3094 1341 3154; baseline -0.001 -1"><span class='ocrx_word' id='word_1_157' title='bbox 335 3097 481 3154; x_wconf 78' lang='lat' dir='ltr'><strong>Saec.</strong></span> <span class='ocrx_word' id='word_1_158' title='bbox 508 3095 618 3154; x_wconf 88' lang='lat' dir='ltr'><strong>XL</strong></span> <span class='ocrx_word' id='word_1_159' title='bbox 646 3094 923 3154; x_wconf 88' lang='lat' dir='ltr'><strong>inclaruit.</strong></span> <span class='ocrx_word' id='word_1_160' title='bbox 994 3095 1107 3154; x_wconf 88' lang='lat' dir='ltr'><strong>Sed</strong></span> <span class='ocrx_word' id='word_1_161' title='bbox 1133 3106 1194 3153; x_wconf 91' lang='lat' dir='ltr'><strong>et</strong></span> <span class='ocrx_word' id='word_1_162' title='bbox 1218 3095 1341 3153; x_wconf 90' lang='lat' dir='ltr'><strong>Ne-</strong></span> 
     </span>
     <span class='ocr_line' id='line_1_34' title="bbox 334 3174 1347 3254; baseline 0.001 -21"><span class='ocrx_word' id='word_1_163' title='bbox 334 3176 541 3234; x_wconf 85' lang='lat' dir='ltr'><strong>anthes</strong></span> <span class='ocrx_word' id='word_1_164' title='bbox 559 3196 744 3235; x_wconf 85' lang='lat' dir='ltr'><strong>rerum</strong></span> <span class='ocrx_word' id='word_1_165' title='bbox 761 3177 1084 3235; x_wconf 84' lang='lat' dir='ltr'><strong>Graecarum</strong></span> <span class='ocrx_word' id='word_1_166' title='bbox 1106 3174 1347 3254; x_wconf 79' lang='lat' dir='ltr'><strong>scriptor</strong></span> 
     </span>
     <span class='ocr_line' id='line_1_35' title="bbox 334 3255 1341 3335; baseline 0.001 -22"><span class='ocrx_word' id='word_1_167' title='bbox 334 3258 410 3314; x_wconf 85' lang='lat' dir='ltr'><strong>ab</strong></span> <span class='ocrx_word' id='word_1_168' title='bbox 437 3257 731 3326; x_wconf 83' lang='lat' dir='ltr'><strong>Athenae0‚</strong></span> <span class='ocrx_word' id='word_1_169' title='bbox 754 3255 1078 3324; x_wconf 86' lang='lat' dir='ltr'><strong>Ammoni0‚</strong></span> <span class='ocrx_word' id='word_1_170' title='bbox 1110 3256 1341 3335; x_wconf 84' lang='lat' dir='ltr'><strong>Harpo-</strong></span> 
     </span>
    </p>
   </div>
   <div class='ocr_carea' id='block_1_7' title="bbox 333 3335 1341 3403">
    <p class='ocr_par' dir='ltr' id='par_1_7' title="bbox 333 3335 1341 3403">
     <span class='ocr_line' id='line_1_36' title="bbox 333 3335 1341 3403; baseline 0 -8"><span class='ocrx_word' id='word_1_171' title='bbox 333 3336 591 3396; x_wconf 86' lang='lat' dir='ltr'><strong>cratione</strong></span> <span class='ocrx_word' id='word_1_172' title='bbox 645 3336 705 3394; x_wconf 91' lang='lat' dir='ltr'><strong>in</strong></span> <span class='ocrx_word' id='word_1_173' title='bbox 741 3335 921 3403; x_wconf 75' lang='grc' dir='ltr'><strong><em>Ἄττις</em></strong></span> <span class='ocrx_word' id='word_1_174' title='bbox 981 3350 1341 3395; x_wconf 88' lang='lat' dir='ltr'><strong>memoratur.</strong></span> 
     </span>
    </p>
   </div>
   <div class='ocr_carea' id='block_1_8' title="bbox 334 3405 1350 4300">
    <p class='ocr_par' dir='ltr' id='par_1_8' title="bbox 334 3405 1348 4300">
     <span class='ocr_line' id='line_1_37' title="bbox 334 3405 1342 3496; baseline 0.002 -22"><span class='ocrx_word' id='word_1_175' title='bbox 334 3417 431 3474; x_wconf 88' lang='lat' dir='ltr'><strong>Ad</strong></span> <span class='ocrx_word' id='word_1_176' title='bbox 448 3405 786 3476; x_wconf 84' lang='lat' dir='ltr'><strong>Deilochum</strong></span> <span class='ocrx_word' id='word_1_177' title='bbox 808 3417 908 3496; x_wconf 90' lang='lat' dir='ltr'><strong>qui</strong></span> <span class='ocrx_word' id='word_1_178' title='bbox 932 3417 1005 3475; x_wconf 92' lang='lat' dir='ltr'><strong>de</strong></span> <span class='ocrx_word' id='word_1_179' title='bbox 1022 3418 1342 3495; x_wconf 79' lang='lat' dir='ltr'><strong>Lampsaco</strong></span> 
     </span>
     <span class='ocr_line' id='line_1_38' title="bbox 335 3495 1343 3576; baseline 0.001 -22"><span class='ocrx_word' id='word_1_180' title='bbox 335 3495 511 3555; x_wconf 89' lang='lat' dir='ltr'><strong>libros</strong></span> <span class='ocrx_word' id='word_1_181' title='bbox 553 3496 729 3556; x_wconf 88' lang='lat' dir='ltr'><strong>edidit</strong></span> <span class='ocrx_word' id='word_1_182' title='bbox 756 3497 1043 3576; x_wconf 89' lang='lat' dir='ltr'><strong>Apollonii</strong></span> <span class='ocrx_word' id='word_1_183' title='bbox 1087 3497 1343 3556; x_wconf 88' lang='lat' dir='ltr'><strong>Scholia·</strong></span> 
     </span>
     <span class='ocr_line' id='line_1_39' title="bbox 335 3579 1342 3671; baseline 0 -36"><span class='ocrx_word' id='word_1_184' title='bbox 335 3589 451 3647; x_wconf 86' lang='lat' dir='ltr'><strong>sta,</strong></span> <span class='ocrx_word' id='word_1_185' title='bbox 504 3590 566 3636; x_wconf 84' lang='lat' dir='ltr'><strong>et</strong></span> <span class='ocrx_word' id='word_1_186' title='bbox 626 3579 948 3671; x_wconf 77' lang='lat' dir='ltr'><strong>Stephanus</strong></span> <span class='ocrx_word' id='word_1_187' title='bbox 1016 3588 1342 3658; x_wconf 85' lang='lat' dir='ltr'><strong>provocant.</strong></span> 
     </span>
     <span class='ocr_line' id='line_1_40' title="bbox 337 3600 1342 3752; baseline -0.001 -35"><span class='ocrx_word' id='word_1_188' title='bbox 337 3655 527 3736; x_wconf 86' lang='lat' dir='ltr'><strong>Ipsius</strong></span> <span class='ocrx_word' id='word_1_189' title='bbox 557 3658 748 3736; x_wconf 75' lang='lat' dir='ltr'><strong>Cyzici</strong></span> <span class='ocrx_word' id='word_1_190' title='bbox 782 3677 1027 3752; x_wconf 73' lang='lat' dir='ltr'><strong>origines</strong></span> <span class='ocrx_word' id='word_1_191' title='bbox 1016 3600 1342 3728; x_wconf 69' lang='grc' dir='ltr'><strong><em>Ροοιιᾱὶἀίι,</em></strong></span> 
     </span>
     <span class='ocr_line' id='line_1_41' title="bbox 336 3737 1342 3831; baseline 0.001 -35"><span class='ocrx_word' id='word_1_192' title='bbox 336 3737 525 3817; x_wconf 83' lang='lat' dir='ltr'><strong>inquit</strong></span> <span class='ocrx_word' id='word_1_193' title='bbox 552 3738 772 3810; x_wconf 81' lang='lat' dir='ltr'><strong>Suidas,</strong></span> <span class='ocrx_word' id='word_1_194' title='bbox 792 3738 1100 3831; x_wconf 82' lang='lat' dir='ltr'><strong>Diogenes.</strong></span> <span class='ocrx_word' id='word_1_195' title='bbox 1147 3738 1342 3798; x_wconf 69' lang='lat' dir='ltr'><strong>Posti-</strong></span> 
     </span>
     <span class='ocr_line' id='line_1_42' title="bbox 334 3818 1348 3878; baseline -0.002 0"><span class='ocrx_word' id='word_1_196' title='bbox 334 3839 466 3878; x_wconf 87' lang='lat' dir='ltr'><strong>cam</strong></span> <span class='ocrx_word' id='word_1_197' title='bbox 533 3831 595 3878; x_wconf 90' lang='lat' dir='ltr'><strong>et</strong></span> <span class='ocrx_word' id='word_1_198' title='bbox 640 3818 931 3878; x_wconf 78' lang='lat' dir='ltr'><strong>Amatoria</strong></span> <span class='ocrx_word' id='word_1_199' title='bbox 980 3819 1348 3878; x_wconf 86' lang='lat' dir='ltr'><strong>excoluerunt</strong></span> 
     </span>
     <span class='ocr_line' id='line_1_43' title="bbox 338 3898 1346 3992; baseline 0.001 -35"><span class='ocrx_word' id='word_1_200' title='bbox 338 3899 739 3992; x_wconf 80' lang='lat' dir='ltr'><strong>Protagoridas</strong></span> <span class='ocrx_word' id='word_1_201' title='bbox 759 3911 819 3958; x_wconf 90' lang='lat' dir='ltr'><strong>et</strong></span> <span class='ocrx_word' id='word_1_202' title='bbox 833 3898 1159 3978; x_wconf 84' lang='lat' dir='ltr'><strong>Dionysius.</strong></span> <span class='ocrx_word' id='word_1_203' title='bbox 1188 3899 1346 3958; x_wconf 90' lang='lat' dir='ltr'><strong>Prio-</strong></span> 
     </span>
     <span class='ocr_line' id='line_1_44' title="bbox 339 3978 1346 4073; baseline -0.002 -34"><span class='ocrx_word' id='word_1_204' title='bbox 339 3978 419 4039; x_wconf 75' lang='lat' dir='ltr'><strong>ris</strong></span> <span class='ocrx_word' id='word_1_205' title='bbox 442 3984 701 4055; x_wconf 75' lang='grc' dir='ltr'><strong><em>ἀκροάσεις</em></strong></span> <span class='ocrx_word' id='word_1_206' title='bbox 704 3983 965 4073; x_wconf 71' lang='grc' dir='ltr'><strong><em>ἐρωτικαιῖ</em></strong></span> <span class='ocrx_word' id='word_1_207' title='bbox 980 3981 1129 4037; x_wconf 74' lang='lat' dir='ltr'><strong>Ludi</strong></span> <span class='ocrx_word' id='word_1_208' title='bbox 1142 3982 1346 4056; x_wconf 79' lang='lat' dir='ltr'><strong>Daph-</strong></span> 
     </span>
     <span class='ocr_line' id='line_1_45' title="bbox 336 4058 1346 4129; baseline 0 -11"><span class='ocrx_word' id='word_1_209' title='bbox 336 4063 468 4129; x_wconf 62' lang='lat' dir='ltr'><strong>nis-i,</strong></span> <span class='ocrx_word' id='word_1_210' title='bbox 498 4059 756 4119; x_wconf 83' lang='lat' dir='ltr'><strong>Historia</strong></span> <span class='ocrx_word' id='word_1_211' title='bbox 791 4058 1029 4119; x_wconf 87' lang='lat' dir='ltr'><strong>Comica</strong></span> <span class='ocrx_word' id='word_1_212' title='bbox 1068 4061 1141 4119; x_wconf 87' lang='lat' dir='ltr'><strong>ab</strong></span> <span class='ocrx_word' id='word_1_213' title='bbox 1169 4061 1346 4119; x_wconf 85' lang='lat' dir='ltr'><strong>Athe-</strong></span> 
     </span>
     <span class='ocr_line' id='line_1_46' title="bbox 340 4138 1350 4234; baseline -0.001 -35"><span class='ocrx_word' id='word_1_214' title='bbox 340 4160 470 4199; x_wconf 73' lang='lat' dir='ltr'><strong>naeo</strong></span> <span class='ocrx_word' id='word_1_215' title='bbox 508 4141 791 4199; x_wconf 85' lang='lat' dir='ltr'><strong>citantur.</strong></span> <span class='ocrx_word' id='word_1_216' title='bbox 837 4138 1163 4234; x_wconf 88' lang='lat' dir='ltr'><strong>posterioris</strong></span> <span class='ocrx_word' id='word_1_217' title='bbox 1206 4140 1350 4219; x_wconf 89' lang='lat' dir='ltr'><strong>Epi-</strong></span> 
     </span>
     <span class='ocr_line' id='line_1_47' title="bbox 336 4220 1348 4300; baseline -0.001 -21"><span class='ocrx_word' id='word_1_218' title='bbox 336 4241 598 4300; x_wconf 87' lang='lat' dir='ltr'><strong>gramma</strong></span> <span class='ocrx_word' id='word_1_219' title='bbox 650 4220 711 4279; x_wconf 91' lang='lat' dir='ltr'><strong>in</strong></span> <span class='ocrx_word' id='word_1_220' title='bbox 754 4220 1145 4281; x_wconf 84' lang='lat' dir='ltr'><strong>Eratosthenis</strong></span> <span class='ocrx_word' id='word_1_221' title='bbox 1193 4229 1348 4279; x_wconf 84' lang='lat' dir='ltr'><strong>mor·</strong></span> 
     </span>
    </p>
   </div>
   <div class='ocr_carea' id='block_1_9' title="bbox 676 4347 1519 4429">
    <p class='ocr_par' dir='ltr' id='par_1_9' title="bbox 676 4347 1519 4429">
     <span class='ocr_line' id='line_1_48' title="bbox 676 4347 1519 4429; baseline 0 -21"><span class='ocrx_word' id='word_1_222' title='bbox 676 4370 727 4408; x_wconf 91' lang='lat'><strong>1.</strong></span> <span class='ocrx_word' id='word_1_223' title='bbox 748 4347 1038 4427; x_wconf 70' lang='grc' dir='ltr'><strong><em>ὡεέπραξαν</em></strong></span> <span class='ocrx_word' id='word_1_224' title='bbox 1057 4351 1138 4409; x_wconf 90' lang='lat' dir='ltr'><strong>K.</strong></span> <span class='ocrx_word' id='word_1_225' title='bbox 1180 4347 1396 4427; x_wconf 69' lang='grc' dir='ltr'><strong><em>ἔπραξαν</em></strong></span> <span class='ocrx_word' id='word_1_226' title='bbox 1421 4350 1460 4408; x_wconf 88' lang='lat' dir='ltr'><strong>f.</strong></span> <span class='ocrx_word' id='word_1_227' title='bbox 1463 4370 1519 4429; x_wconf 86' lang='lat' dir='ltr'><strong>g.</strong></span> 
     </span>
    </p>
   </div>
   <div class='ocr_carea' id='block_1_10' title="bbox 1421 680 2437 1877">
    <p class='ocr_par' dir='ltr' id='par_1_10' title="bbox 1424 680 2437 1864">
     <span class='ocr_line' id='line_1_49' title="bbox 1430 680 2437 760; baseline 0.001 -20"><span class='ocrx_word' id='word_1_228' title='bbox 1430 692 1570 750; x_wconf 82' lang='lat' dir='ltr'><strong>tem,</strong></span> <span class='ocrx_word' id='word_1_229' title='bbox 1600 681 1680 741; x_wconf 86' lang='lat' dir='ltr'><strong>ita</strong></span> <span class='ocrx_word' id='word_1_230' title='bbox 1718 702 1779 740; x_wconf 86' lang='lat' dir='ltr'><strong>se</strong></span> <span class='ocrx_word' id='word_1_231' title='bbox 1816 680 2317 760; x_wconf 64' lang='lat' dir='ltr'><strong>babet.11pqi‘›repou</strong></span> <span class='ocrx_word' id='word_1_232' title='bbox 2340 687 2437 759; x_wconf 56' lang='grc' dir='ltr'><strong>ᾖ·</strong></span> 
     </span>
     <span class='ocr_line' id='line_1_50' title="bbox 1429 765 2436 841; baseline 0.002 -21"><span class='ocrx_word' id='word_1_233' title='bbox 1429 767 1517 838; x_wconf 80' lang='grc' dir='ltr'><strong>ράς</strong></span> <span class='ocrx_word' id='word_1_234' title='bbox 1557 788 1637 831; x_wconf 88' lang='grc' dir='ltr'><strong>σε,</strong></span> <span class='ocrx_word' id='word_1_235' title='bbox 1664 766 1829 821; x_wconf 72' lang='grc' dir='ltr'><strong><em>καὶού</em></strong></span> <span class='ocrx_word' id='word_1_236' title='bbox 1867 767 2020 821; x_wconf 80' lang='grc' dir='ltr'><strong><em>κατὰ·</em></strong></span> <span class='ocrx_word' id='word_1_237' title='bbox 2040 771 2200 831; x_wconf 69' lang='grc' dir='ltr'><strong><em>νοῦσος</em></strong></span> <span class='ocrx_word' id='word_1_238' title='bbox 2236 765 2436 841; x_wconf 72' lang='grc' dir='ltr'><strong><em>ἆμαυρὴ</em></strong></span> 
     </span>
     <span class='ocr_line' id='line_1_51' title="bbox 1421 841 2434 922; baseline 0.004 -23.096"><span class='ocrx_word' id='word_1_239' title='bbox 1421 841 1695 913; x_wconf 83' lang='grc' dir='ltr'><strong><em>Ἔσβεσεν.</em></strong></span> <span class='ocrx_word' id='word_1_240' title='bbox 1738 870 1791 901; x_wconf 82' lang='grc' dir='ltr'><strong>ευ</strong></span> <span class='ocrx_word' id='word_1_241' title='bbox 1764 845 1928 914; x_wconf 78' lang='grc' dir='ltr'><strong><em>ὐνῆθης</em></strong></span> <span class='ocrx_word' id='word_1_242' title='bbox 1969 847 2020 902; x_wconf 81' lang='grc' dir='ltr'><strong>δ’</strong></span> <span class='ocrx_word' id='word_1_243' title='bbox 2060 848 2197 902; x_wconf 68' lang='grc' dir='ltr'><strong><em>ὕπνον</em></strong></span> <span class='ocrx_word' id='word_1_244' title='bbox 2236 845 2434 922; x_wconf 73' lang='grc' dir='ltr'><strong><em>ὄφειλὸ-</em></strong></span> 
     </span>
     <span class='ocr_line' id='line_1_52' title="bbox 1426 921 2434 1027; baseline 0.004 -48"><span class='ocrx_word' id='word_1_245' title='bbox 1426 947 1583 997; x_wconf 78' lang='grc' dir='ltr'><strong><em>μενον,</em></strong></span> <span class='ocrx_word' id='word_1_246' title='bbox 1601 921 1763 1000; x_wconf 64' lang='grc' dir='ltr'><strong><em>’Ἄκρα</em></strong></span> <span class='ocrx_word' id='word_1_247' title='bbox 1801 949 1908 1027; x_wconf 74' lang='grc' dir='ltr'><strong><em>ριερι</em></strong></span> <span class='ocrx_word' id='word_1_248' title='bbox 1909 925 2104 998; x_wconf 80' lang='grc' dir='ltr'><strong><em>μνῆσας</em></strong></span> <span class='ocrx_word' id='word_1_249' title='bbox 2132 925 2434 1001; x_wconf 70' lang='grc' dir='ltr'><strong><em>Ἐρατόσθε-</em></strong></span> 
     </span>
     <span class='ocr_line' id='line_1_53' title="bbox 1427 1004 2436 1082; baseline 0.003 -21"><span class='ocrx_word' id='word_1_250' title='bbox 1427 1022 1518 1071; x_wconf 80' lang='grc' dir='ltr'><strong><em>νες·</em></strong></span> <span class='ocrx_word' id='word_1_251' title='bbox 1561 1004 1663 1062; x_wconf 78' lang='grc' dir='ltr'><strong><em>οὐδὲ</em></strong></span> <span class='ocrx_word' id='word_1_252' title='bbox 1694 1006 1875 1081; x_wconf 75' lang='grc' dir='ltr'><strong><em>Κυρήνη</em></strong></span> <span class='ocrx_word' id='word_1_253' title='bbox 1891 1008 2098 1071; x_wconf 57' lang='lat' dir='ltr'><strong>Macran&lt;</strong></span> <span class='ocrx_word' id='word_1_254' title='bbox 2121 1011 2197 1063; x_wconf 70' lang='grc' dir='ltr'><strong>ἐπ’</strong></span> <span class='ocrx_word' id='word_1_255' title='bbox 2218 1010 2436 1082; x_wconf 53' lang='lat' dir='ltr'><strong>arpa-rm</strong></span> 
     </span>
     <span class='ocr_line' id='line_1_54' title="bbox 1428 1082 2433 1161; baseline 0.002 -20"><span class='ocrx_word' id='word_1_256' title='bbox 1428 1087 1542 1142; x_wconf 79' lang='grc' dir='ltr'><strong>ἑκτὸ</strong></span> <span class='ocrx_word' id='word_1_257' title='bbox 1519 1110 1569 1150; x_wconf 83' lang='grc' dir='ltr'><strong><em>ος</em></strong></span> <span class='ocrx_word' id='word_1_258' title='bbox 1617 1082 1782 1143; x_wconf 77' lang='grc' dir='ltr'><strong><em>ἔδεκτο</em></strong></span> <span class='ocrx_word' id='word_1_259' title='bbox 1834 1089 2027 1161; x_wconf 78' lang='grc' dir='ltr'><strong><em>τάφων,</em></strong></span> <span class='ocrx_word' id='word_1_260' title='bbox 2416 1128 2433 1143; x_wconf 93' lang='grc'><strong>.</strong></span> 
     </span>
     <span class='ocr_line' id='line_1_55' title="bbox 1424 1163 2431 1242; baseline 0.002 -20"><span class='ocrx_word' id='word_1_261' title='bbox 1424 1167 1571 1241; x_wconf 73' lang='grc' dir='ltr'><strong><em>φίλος</em></strong></span> <span class='ocrx_word' id='word_1_262' title='bbox 1588 1164 1640 1222; x_wconf 76' lang='grc' dir='ltr'><strong>δὲ</strong></span> <span class='ocrx_word' id='word_1_263' title='bbox 1659 1167 1747 1222; x_wconf 76' lang='grc' dir='ltr'><strong><em>καὶ</em></strong></span> <span class='ocrx_word' id='word_1_264' title='bbox 1766 1171 1818 1222; x_wconf 76' lang='grc' dir='ltr'><strong>ἐν</strong></span> <span class='ocrx_word' id='word_1_265' title='bbox 1842 1163 1969 1242; x_wconf 61' lang='grc' dir='ltr'><strong><em>ξείνρ</em></strong></span> <span class='ocrx_word' id='word_1_266' title='bbox 1995 1168 2281 1237; x_wconf 75' lang='grc' dir='ltr'><strong><em>κεκάλυψαι</em></strong></span> <span class='ocrx_word' id='word_1_267' title='bbox 2302 1173 2431 1242; x_wconf 83' lang='grc' dir='ltr'><strong><em>Παρ’</em></strong></span> 
     </span>
     <span class='ocr_line' id='line_1_56' title="bbox 1425 1245 2433 1321; baseline 0.005 -20"><span class='ocrx_word' id='word_1_268' title='bbox 1425 1245 1534 1303; x_wconf 72' lang='grc' dir='ltr'><strong><em>τόδε</em></strong></span> <span class='ocrx_word' id='word_1_269' title='bbox 1591 1249 1813 1321; x_wconf 67' lang='grc' dir='ltr'><strong><em>Πρωτῆος</em></strong></span> <span class='ocrx_word' id='word_1_270' title='bbox 1865 1249 2132 1320; x_wconf 74' lang='grc' dir='ltr'><strong><em>κράσπεδον</em></strong></span> <span class='ocrx_word' id='word_1_271' title='bbox 2183 1251 2433 1321; x_wconf 64' lang='grc' dir='ltr'><strong><em>αἰγιαλοῦ.</em></strong></span> 
     </span>
     <span class='ocr_line' id='line_1_57' title="bbox 1424 1323 2433 1384; baseline 0.002 -2"><span class='ocrx_word' id='word_1_272' title='bbox 1424 1323 1850 1384; x_wconf 85' lang='lat' dir='ltr'><strong>Mathematicis</strong></span> <span class='ocrx_word' id='word_1_273' title='bbox 1869 1323 2006 1384; x_wconf 90' lang='lat' dir='ltr'><strong>clari</strong></span> <span class='ocrx_word' id='word_1_274' title='bbox 2026 1335 2188 1383; x_wconf 86' lang='lat' dir='ltr'><strong>erant</strong></span> <span class='ocrx_word' id='word_1_275' title='bbox 2200 1325 2433 1384; x_wconf 81' lang='lat' dir='ltr'><strong>Eudox-</strong></span> 
     </span>
     <span class='ocr_line' id='line_1_58' title="bbox 1426 1404 2433 1498; baseline 0 -35"><span class='ocrx_word' id='word_1_276' title='bbox 1426 1425 1495 1463; x_wconf 90' lang='lat' dir='ltr'><strong>us</strong></span> <span class='ocrx_word' id='word_1_277' title='bbox 1517 1404 1831 1498; x_wconf 84' lang='lat' dir='ltr'><strong>Cyzicenus</strong></span> <span class='ocrx_word' id='word_1_278' title='bbox 1858 1417 2117 1485; x_wconf 84' lang='lat' dir='ltr'><strong>tempore</strong></span> <span class='ocrx_word' id='word_1_279' title='bbox 2142 1404 2433 1484; x_wconf 82' lang='lat' dir='ltr'><strong>Evergetis</strong></span> 
     </span>
     <span class='ocr_line' id='line_1_59' title="bbox 1425 1484 2431 1566; baseline 0.001 -21"><span class='ocrx_word' id='word_1_280' title='bbox 1425 1484 1679 1553; x_wconf 87' lang='lat' dir='ltr'><strong>secundi,</strong></span> <span class='ocrx_word' id='word_1_281' title='bbox 1721 1486 1793 1544; x_wconf 89' lang='lat' dir='ltr'><strong>de</strong></span> <span class='ocrx_word' id='word_1_282' title='bbox 1840 1506 1954 1564; x_wconf 90' lang='lat' dir='ltr'><strong>quo</strong></span> <span class='ocrx_word' id='word_1_283' title='bbox 1998 1486 2202 1544; x_wconf 83' lang='lat' dir='ltr'><strong>Strabo</strong></span> <span class='ocrx_word' id='word_1_284' title='bbox 2243 1506 2302 1566; x_wconf 89' lang='lat' dir='ltr'><strong>p.</strong></span> <span class='ocrx_word' id='word_1_285' title='bbox 2332 1485 2431 1562; x_wconf 79' lang='lat'><strong>98.</strong></span> 
     </span>
     <span class='ocr_line' id='line_1_60' title="bbox 1434 1564 2434 1659; baseline 0 -35"><span class='ocrx_word' id='word_1_286' title='bbox 1434 1585 1566 1641; x_wconf 81' lang='lat'><strong>103.</strong></span> <span class='ocrx_word' id='word_1_287' title='bbox 1634 1567 1940 1625; x_wconf 85' lang='lat' dir='ltr'><strong>Athenaeus</strong></span> <span class='ocrx_word' id='word_1_288' title='bbox 1988 1564 2219 1644; x_wconf 89' lang='lat' dir='ltr'><strong>quidam</strong></span> <span class='ocrx_word' id='word_1_289' title='bbox 2268 1567 2434 1659; x_wconf 89' lang='lat' dir='ltr'><strong>apud</strong></span> 
     </span>
     <span class='ocr_line' id='line_1_61' title="bbox 1429 1645 2432 1725; baseline -0.003 -19"><span class='ocrx_word' id='word_1_290' title='bbox 1429 1646 1694 1706; x_wconf 87' lang='lat' dir='ltr'><strong>Proclum</strong></span> <span class='ocrx_word' id='word_1_291' title='bbox 1739 1645 1799 1704; x_wconf 91' lang='lat' dir='ltr'><strong>in</strong></span> <span class='ocrx_word' id='word_1_292' title='bbox 1842 1645 2161 1715; x_wconf 86' lang='lat' dir='ltr'><strong>Euclidem,</strong></span> <span class='ocrx_word' id='word_1_293' title='bbox 2200 1645 2432 1725; x_wconf 91' lang='lat' dir='ltr'><strong>Hippo-</strong></span> 
     </span>
     <span class='ocr_line' id='line_1_62' title="bbox 1428 1726 2432 1877; baseline 0.001 -92"><span class='ocrx_word' id='word_1_294' title='bbox 1428 1727 1658 1785; x_wconf 87' lang='lat' dir='ltr'><strong>sthenes</strong></span> <span class='ocrx_word' id='word_1_295' title='bbox 1688 1726 2109 1877; x_wconf 49' lang='lat' dir='ltr'><strong>Pythnfforicus,</strong></span> <span class='ocrx_word' id='word_1_296' title='bbox 2138 1726 2432 1805; x_wconf 81' lang='lat' dir='ltr'><strong>Pythodo-</strong></span> 
     </span>
    </p>
   </div>
   <div class='ocr_carea' id='block_1_11' title="bbox 1427 1807 2431 1885">
    <p class='ocr_par' dir='ltr' id='par_1_11' title="bbox 1427 1807 2431 1885">
     <span class='ocr_line' id='line_1_63' title="bbox 1427 1807 2431 1885; baseline 0 -20"><span class='ocrx_word' id='word_1_297' title='bbox 1427 1827 1543 1877; x_wconf 87' lang='lat' dir='ltr'><strong>rus,</strong></span> <span class='ocrx_word' id='word_1_298' title='bbox 1600 1807 1849 1885; x_wconf 88' lang='lat' dir='ltr'><strong>Xenopb</strong></span> <span class='ocrx_word' id='word_1_299' title='bbox 1931 1827 1993 1865; x_wconf 87' lang='lat' dir='ltr'><strong>s·</strong></span> <span class='ocrx_word' id='word_1_300' title='bbox 2066 1818 2126 1865; x_wconf 89' lang='lat' dir='ltr'><strong>et</strong></span> <span class='ocrx_word' id='word_1_301' title='bbox 2179 1818 2313 1865; x_wconf 88' lang='lat' dir='ltr'><strong>ante</strong></span> <span class='ocrx_word' id='word_1_302' title='bbox 2364 1826 2431 1865; x_wconf 90' lang='lat' dir='ltr'><strong>o-</strong></span> 
     </span>
    </p>
   </div>
   <div class='ocr_carea' id='block_1_12' title="bbox 1192 1885 2434 1967">
    <p class='ocr_par' dir='ltr' id='par_1_12' title="bbox 1192 1885 2434 1967">
     <span class='ocr_line' id='line_1_64' title="bbox 1192 1885 2434 1967; baseline -0.001 -21"><span class='ocrx_word' id='word_1_303' title='bbox 1192 1887 1342 1967; x_wconf 83' lang='lat' dir='ltr'><strong>frag·</strong></span> <span class='ocrx_word' id='word_1_304' title='bbox 1425 1907 1589 1947; x_wconf 59' lang='lat' dir='ltr'><strong>mnes</strong></span> <span class='ocrx_word' id='word_1_305' title='bbox 1644 1887 1932 1966; x_wconf 83' lang='lat' dir='ltr'><strong>Calippus,</strong></span> <span class='ocrx_word' id='word_1_306' title='bbox 1982 1907 2150 1965; x_wconf 89' lang='lat' dir='ltr'><strong>quem</strong></span> <span class='ocrx_word' id='word_1_307' title='bbox 2214 1885 2434 1956; x_wconf 79' lang='lat' dir='ltr'><strong>Plinius</strong></span> 
     </span>
    </p>
   </div>
   <div class='ocr_carea' id='block_1_13' title="bbox 1426 1969 2432 2044">
    <p class='ocr_par' dir='ltr' id='par_1_13' title="bbox 1426 1969 2432 2044">
     <span class='ocr_line' id='line_1_65' title="bbox 1426 1969 2432 2044; baseline -0.002 -17"><span class='ocrx_word' id='word_1_308' title='bbox 1426 1969 1834 2027; x_wconf 88' lang='lat' dir='ltr'><strong>Astronomum</strong></span> <span class='ocrx_word' id='word_1_309' title='bbox 1874 1970 2306 2044; x_wconf 63' lang='lat' dir='ltr'><strong>antiquissimum</strong></span> <span class='ocrx_word' id='word_1_310' title='bbox 2331 1988 2432 2026; x_wconf 84' lang='lat' dir='ltr'><strong>vo-</strong></span> 
     </span>
    </p>
   </div>
   <div class='ocr_carea' id='block_1_14' title="bbox 2453 592 2691 655">
    <p class='ocr_par' dir='ltr' id='par_1_14' title="bbox 2453 592 2691 655">
     <span class='ocr_line' id='line_1_66' title="bbox 2453 592 2691 655; baseline 0 -15"><span class='ocrx_word' id='word_1_311' title='bbox 2453 592 2615 655; x_wconf 75' lang='lat' dir='ltr'><strong>piunt,</strong></span> <span class='ocrx_word' id='word_1_312' title='bbox 2636 597 2691 640; x_wconf 80' lang='lat' dir='ltr'><strong>et</strong></span> 
     </span>
    </p>
   </div>
   <div class='ocr_carea' id='block_1_15' title="bbox 1426 2046 2499 2127">
    <p class='ocr_par' dir='ltr' id='par_1_15' title="bbox 1426 2046 2499 2127">
     <span class='ocr_line' id='line_1_67' title="bbox 1426 2046 2499 2127; baseline -0.002 -19"><span class='ocrx_word' id='word_1_313' title='bbox 1426 2062 1536 2108; x_wconf 84' lang='lat' dir='ltr'><strong>cat.</strong></span> <span class='ocrx_word' id='word_1_314' title='bbox 1605 2049 1783 2110; x_wconf 86' lang='lat' dir='ltr'><strong>Hunc</strong></span> <span class='ocrx_word' id='word_1_315' title='bbox 1803 2068 1953 2127; x_wconf 83' lang='lat' dir='ltr'><strong>saepe</strong></span> <span class='ocrx_word' id='word_1_316' title='bbox 1972 2048 2207 2108; x_wconf 84' lang='lat' dir='ltr'><strong>laudant</strong></span> <span class='ocrx_word' id='word_1_317' title='bbox 2231 2046 2430 2108; x_wconf 89' lang='lat' dir='ltr'><strong>Ptole·</strong></span> <span class='ocrx_word' id='word_1_318' title='bbox 2490 2081 2499 2094; x_wconf 64' lang='grc' dir='ltr'><strong>ι</strong></span> 
     </span>
    </p>
   </div>
   <div class='ocr_carea' id='block_1_16' title="bbox 1419 2127 2440 4279">
    <p class='ocr_par' dir='ltr' id='par_1_16' title="bbox 1419 2127 2440 4279">
     <span class='ocr_line' id='line_1_68' title="bbox 1427 2127 2430 2199; baseline 0 -11"><span class='ocrx_word' id='word_1_319' title='bbox 1427 2149 1621 2199; x_wconf 60' lang='lat' dir='ltr'><strong>matus»,</strong></span> <span class='ocrx_word' id='word_1_320' title='bbox 1690 2128 1990 2198; x_wconf 87' lang='lat' dir='ltr'><strong>Geminus,</strong></span> <span class='ocrx_word' id='word_1_321' title='bbox 2065 2127 2430 2188; x_wconf 87' lang='lat' dir='ltr'><strong>Censorinus.</strong></span> 
     </span>
     <span class='ocr_line' id='line_1_69' title="bbox 1427 2208 2429 2269; baseline -0.002 0"><span class='ocrx_word' id='word_1_322' title='bbox 1427 2211 1586 2269; x_wconf 82' lang='lat' dir='ltr'><strong>Inter</strong></span> <span class='ocrx_word' id='word_1_323' title='bbox 1628 2208 1884 2269; x_wconf 85' lang='lat' dir='ltr'><strong>Platonis</strong></span> <span class='ocrx_word' id='word_1_324' title='bbox 1935 2208 2236 2269; x_wconf 86' lang='lat' dir='ltr'><strong>familiares</strong></span> <span class='ocrx_word' id='word_1_325' title='bbox 2278 2208 2429 2268; x_wconf 88' lang='lat' dir='ltr'><strong>cele·</strong></span> 
     </span>
     <span class='ocr_line' id='line_1_70' title="bbox 1422 2289 2426 2366; baseline -0.006 -13"><span class='ocrx_word' id='word_1_326' title='bbox 1422 2290 1540 2354; x_wconf 86' lang='lat' dir='ltr'><strong>bris</strong></span> <span class='ocrx_word' id='word_1_327' title='bbox 1578 2289 1717 2349; x_wconf 89' lang='lat' dir='ltr'><strong>olim</strong></span> <span class='ocrx_word' id='word_1_328' title='bbox 1755 2302 1816 2349; x_wconf 88' lang='lat' dir='ltr'><strong>et</strong></span> <span class='ocrx_word' id='word_1_329' title='bbox 1837 2292 2069 2349; x_wconf 79' lang='lat' dir='ltr'><strong>Helicon</strong></span> <span class='ocrx_word' id='word_1_330' title='bbox 2101 2291 2426 2366; x_wconf 79' lang='lat' dir='ltr'><strong>Cyzicenus·</strong></span> 
     </span>
     <span class='ocr_line' id='line_1_71' title="bbox 1421 2368 2427 2449; baseline -0.004 -18"><span class='ocrx_word' id='word_1_331' title='bbox 1421 2391 1555 2431; x_wconf 87' lang='lat' dir='ltr'><strong>eum</strong></span> <span class='ocrx_word' id='word_1_332' title='bbox 1576 2370 1829 2449; x_wconf 86' lang='lat' dir='ltr'><strong>Eclipsin</strong></span> <span class='ocrx_word' id='word_1_333' title='bbox 1857 2369 2177 2449; x_wconf 64' lang='lat' dir='ltr'><strong>praedixisse</strong></span> <span class='ocrx_word' id='word_1_334' title='bbox 2194 2368 2274 2428; x_wconf 87' lang='lat' dir='ltr'><strong>ait</strong></span> <span class='ocrx_word' id='word_1_335' title='bbox 2289 2369 2427 2428; x_wconf 92' lang='lat' dir='ltr'><strong>Plu-</strong></span> 
     </span>
     <span class='ocr_line' id='line_1_72' title="bbox 1422 2447 2430 2529; baseline -0.005 -17"><span class='ocrx_word' id='word_1_336' title='bbox 1422 2453 1650 2522; x_wconf 86' lang='lat' dir='ltr'><strong>tarchus</strong></span> <span class='ocrx_word' id='word_1_337' title='bbox 1676 2450 1868 2510; x_wconf 89' lang='lat' dir='ltr'><strong>Dione</strong></span> <span class='ocrx_word' id='word_1_338' title='bbox 1892 2472 1950 2529; x_wconf 91' lang='lat' dir='ltr'><strong>p.</strong></span> <span class='ocrx_word' id='word_1_339' title='bbox 1979 2451 2119 2526; x_wconf 92' lang='lat'><strong>966.</strong></span> <span class='ocrx_word' id='word_1_340' title='bbox 2193 2447 2430 2528; x_wconf 87' lang='lat' dir='ltr'><strong>Scripsit</strong></span> 
     </span>
     <span class='ocr_line' id='line_1_73' title="bbox 1422 2530 2427 2612; baseline -0.003 -20"><span class='ocrx_word' id='word_1_341' title='bbox 1422 2552 1591 2612; x_wconf 87' lang='lat' dir='ltr'><strong>porro</strong></span> <span class='ocrx_word' id='word_1_342' title='bbox 1628 2532 1924 2591; x_wconf 84' lang='lat' dir='ltr'><strong>Neanthes</strong></span> <span class='ocrx_word' id='word_1_343' title='bbox 1961 2530 2168 2590; x_wconf 89' lang='lat' dir='ltr'><strong>librum</strong></span> <span class='ocrx_word' id='word_1_344' title='bbox 2195 2532 2301 2606; x_wconf 69' lang='grc' dir='ltr'><strong><em>περὶ</em></strong></span> <span class='ocrx_word' id='word_1_345' title='bbox 2336 2554 2427 2589; x_wconf 78' lang='grc' dir='ltr'><strong>τε·</strong></span> 
     </span>
     <span class='ocr_line' id='line_1_74' title="bbox 1421 2610 2425 2684; baseline -0.004 -12"><span class='ocrx_word' id='word_1_346' title='bbox 1421 2617 1587 2684; x_wconf 76' lang='grc' dir='ltr'><strong><em>λετῆς·</em></strong></span> <span class='ocrx_word' id='word_1_347' title='bbox 1630 2611 1688 2671; x_wconf 93' lang='lat' dir='ltr'><strong>id</strong></span> <span class='ocrx_word' id='word_1_348' title='bbox 1729 2631 1835 2671; x_wconf 87' lang='lat' dir='ltr'><strong>nos</strong></span> <span class='ocrx_word' id='word_1_349' title='bbox 1875 2612 2085 2671; x_wconf 88' lang='lat' dir='ltr'><strong>docent</strong></span> <span class='ocrx_word' id='word_1_350' title='bbox 2119 2610 2309 2669; x_wconf 88' lang='lat' dir='ltr'><strong>Schol.</strong></span> <span class='ocrx_word' id='word_1_351' title='bbox 2343 2611 2425 2668; x_wconf 85' lang='lat' dir='ltr'><strong>A·</strong></span> 
     </span>
     <span class='ocr_line' id='line_1_75' title="bbox 1422 2690 2427 2772; baseline -0.005 -20"><span class='ocrx_word' id='word_1_352' title='bbox 1422 2690 1763 2772; x_wconf 86' lang='lat' dir='ltr'><strong>ristopbanis</strong></span> <span class='ocrx_word' id='word_1_353' title='bbox 1791 2704 1850 2751; x_wconf 85' lang='lat' dir='ltr'><strong>et</strong></span> <span class='ocrx_word' id='word_1_354' title='bbox 1875 2693 2198 2751; x_wconf 73' lang='lat' dir='ltr'><strong>AthenaeuS.</strong></span> <span class='ocrx_word' id='word_1_355' title='bbox 2291 2691 2427 2749; x_wconf 79' lang='lat' dir='ltr'><strong>Phi-</strong></span> 
     </span>
     <span class='ocr_line' id='line_1_76' title="bbox 1421 2771 2426 2852; baseline -0.004 -19"><span class='ocrx_word' id='word_1_356' title='bbox 1421 2776 1723 2850; x_wconf 66' lang='lat' dir='ltr'><strong>losophiam</strong></span> <span class='ocrx_word' id='word_1_357' title='bbox 1764 2771 1998 2852; x_wconf 66' lang='lat' dir='ltr'><strong>professi</strong></span> <span class='ocrx_word' id='word_1_358' title='bbox 2039 2772 2287 2831; x_wconf 83' lang='lat' dir='ltr'><strong>Timaeus</strong></span> <span class='ocrx_word' id='word_1_359' title='bbox 2314 2774 2426 2849; x_wconf 84' lang='lat' dir='ltr'><strong>cy-</strong></span> 
     </span>
     <span class='ocr_line' id='line_1_77' title="bbox 1419 2794 2429 2944; baseline -0.003 -31"><span class='ocrx_word' id='word_1_360' title='bbox 1419 2853 1671 2924; x_wconf 85' lang='lat' dir='ltr'><strong>zicenus,</strong></span> <span class='ocrx_word' id='word_1_361' title='bbox 1694 2794 1953 2912; x_wconf 83' lang='lat' dir='ltr'><strong>Platonis</strong></span> <span class='ocrx_word' id='word_1_362' title='bbox 1979 2851 2316 2944; x_wconf 46' lang='lat' dir='ltr'><strong>discipulus-3</strong></span> <span class='ocrx_word' id='word_1_363' title='bbox 2356 2852 2429 2910; x_wconf 90' lang='lat' dir='ltr'><strong>de</strong></span> 
     </span>
     <span class='ocr_line' id='line_1_78' title="bbox 1421 2932 2427 3013; baseline -0.002 -19"><span class='ocrx_word' id='word_1_364' title='bbox 1421 2956 1536 3013; x_wconf 92' lang='lat' dir='ltr'><strong>quo</strong></span> <span class='ocrx_word' id='word_1_365' title='bbox 1565 2935 1867 2995; x_wconf 81' lang='lat' dir='ltr'><strong>Athenaeus</strong></span> <span class='ocrx_word' id='word_1_366' title='bbox 1908 2954 1967 3012; x_wconf 93' lang='lat' dir='ltr'><strong>p.</strong></span> <span class='ocrx_word' id='word_1_367' title='bbox 2018 2949 2157 3010; x_wconf 84' lang='lat'><strong>509.</strong></span> <span class='ocrx_word' id='word_1_368' title='bbox 2224 2932 2427 2992; x_wconf 88' lang='lat' dir='ltr'><strong>Timo-</strong></span> 
     </span>
     <span class='ocr_line' id='line_1_79' title="bbox 1422 3011 2425 3093; baseline -0.006 -18"><span class='ocrx_word' id='word_1_369' title='bbox 1422 3015 1545 3075; x_wconf 88' lang='lat' dir='ltr'><strong>laus</strong></span> <span class='ocrx_word' id='word_1_370' title='bbox 1573 3012 1803 3093; x_wconf 88' lang='lat' dir='ltr'><strong>quidam</strong></span> <span class='ocrx_word' id='word_1_371' title='bbox 1831 3014 1981 3093; x_wconf 87' lang='lat' dir='ltr'><strong>apud</strong></span> <span class='ocrx_word' id='word_1_372' title='bbox 2001 3011 2318 3081; x_wconf 68' lang='lat' dir='ltr'><strong>Laertium,</strong></span> <span class='ocrx_word' id='word_1_373' title='bbox 2345 3013 2425 3070; x_wconf 84' lang='lat' dir='ltr'><strong>A·</strong></span> 
     </span>
     <span class='ocr_line' id='line_1_80' title="bbox 1422 3093 2428 3188; baseline -0.004 -34"><span class='ocrx_word' id='word_1_374' title='bbox 1422 3096 1749 3188; x_wconf 86' lang='lat' dir='ltr'><strong>pollodotus</strong></span> <span class='ocrx_word' id='word_1_375' title='bbox 1791 3094 1948 3173; x_wconf 88' lang='lat' dir='ltr'><strong>apud</strong></span> <span class='ocrx_word' id='word_1_376' title='bbox 1981 3094 2224 3152; x_wconf 86' lang='lat' dir='ltr'><strong>eundem</strong></span> <span class='ocrx_word' id='word_1_377' title='bbox 2263 3104 2322 3151; x_wconf 88' lang='lat' dir='ltr'><strong>et</strong></span> <span class='ocrx_word' id='word_1_378' title='bbox 2347 3093 2428 3151; x_wconf 87' lang='lat' dir='ltr'><strong>A·</strong></span> 
     </span>
     <span class='ocr_line' id='line_1_81' title="bbox 1423 3173 2425 3249; baseline -0.006 -13"><span class='ocrx_word' id='word_1_379' title='bbox 1423 3175 1815 3236; x_wconf 78' lang='lat' dir='ltr'><strong>lexandrinum</strong></span> <span class='ocrx_word' id='word_1_380' title='bbox 1865 3173 2220 3232; x_wconf 85' lang='lat' dir='ltr'><strong>Clementem</strong></span> <span class='ocrx_word' id='word_1_381' title='bbox 2293 3192 2314 3230; x_wconf 89' lang='lat'>1</span> <span class='ocrx_word' id='word_1_382' title='bbox 2329 3187 2425 3249; x_wconf 83' lang='lat'><strong>79,</strong></span> 
     </span>
     <span class='ocr_line' id='line_1_82' title="bbox 1423 3251 2428 3333; baseline -0.003 -18"><span class='ocrx_word' id='word_1_383' title='bbox 1423 3276 1458 3333; x_wconf 87' lang='lat'><strong>3</strong></span> <span class='ocrx_word' id='word_1_384' title='bbox 1474 3276 1522 3315; x_wconf 90' lang='lat'><strong>1.</strong></span> <span class='ocrx_word' id='word_1_385' title='bbox 1592 3255 2024 3315; x_wconf 86' lang='lat' dir='ltr'><strong>Polemarchum</strong></span> <span class='ocrx_word' id='word_1_386' title='bbox 2070 3251 2291 3312; x_wconf 82' lang='lat' dir='ltr'><strong>Eudoxi</strong></span> <span class='ocrx_word' id='word_1_387' title='bbox 2339 3272 2428 3312; x_wconf 81' lang='lat' dir='ltr'><strong>se·-</strong></span> 
     </span>
     <span class='ocr_line' id='line_1_83' title="bbox 1422 3332 2430 3413; baseline -0.005 -17"><span class='ocrx_word' id='word_1_388' title='bbox 1422 3349 1700 3397; x_wconf 89' lang='lat' dir='ltr'><strong>ctatorem</strong></span> <span class='ocrx_word' id='word_1_389' title='bbox 1726 3334 1869 3395; x_wconf 73' lang='lat' dir='ltr'><strong>citat</strong></span> <span class='ocrx_word' id='word_1_390' title='bbox 1900 3332 2223 3413; x_wconf 84' lang='lat' dir='ltr'><strong>Simplicius</strong></span> <span class='ocrx_word' id='word_1_391' title='bbox 2252 3334 2430 3396; x_wconf 83' lang='lat' dir='ltr'><strong>Com-</strong></span> 
     </span>
     <span class='ocr_line' id='line_1_84' title="bbox 1424 3414 2431 3488; baseline -0.006 -11"><span class='ocrx_word' id='word_1_392' title='bbox 1424 3430 1603 3477; x_wconf 87' lang='lat' dir='ltr'><strong>ment.</strong></span> <span class='ocrx_word' id='word_1_393' title='bbox 1630 3416 1690 3476; x_wconf 91' lang='lat' dir='ltr'><strong>in</strong></span> <span class='ocrx_word' id='word_1_394' title='bbox 1728 3414 2090 3478; x_wconf 78' lang='lat' dir='ltr'><strong>Aristotelem</strong></span> <span class='ocrx_word' id='word_1_395' title='bbox 2142 3414 2431 3488; x_wconf 79' lang='lat' dir='ltr'><strong>123.1n</strong></span> 
     </span>
     <span class='ocr_line' id='line_1_85' title="bbox 1426 3493 2428 3563; baseline -0.006 -6"><span class='ocrx_word' id='word_1_396' title='bbox 1426 3500 1707 3557; x_wconf 79' lang='lat' dir='ltr'><strong>Medicina</strong></span> <span class='ocrx_word' id='word_1_397' title='bbox 1731 3497 1886 3555; x_wconf 82' lang='lat' dir='ltr'><strong>haud</strong></span> <span class='ocrx_word' id='word_1_398' title='bbox 1910 3493 2210 3555; x_wconf 85' lang='lat' dir='ltr'><strong>incelebris</strong></span> <span class='ocrx_word' id='word_1_399' title='bbox 2231 3494 2428 3563; x_wconf 65' lang='lat' dir='ltr'><strong>Protar</strong></span> 
     </span>
     <span class='ocr_line' id='line_1_86' title="bbox 1423 3572 2427 3681; baseline -0.008 -43"><span class='ocrx_word' id='word_1_400' title='bbox 1423 3598 1608 3658; x_wconf 85' lang='lat' dir='ltr'><strong>goras,</strong></span> <span class='ocrx_word' id='word_1_401' title='bbox 1638 3578 1711 3635; x_wconf 91' lang='lat' dir='ltr'><strong>ad</strong></span> <span class='ocrx_word' id='word_1_402' title='bbox 1751 3598 1921 3681; x_wconf 90' lang='lat' dir='ltr'><strong>quem</strong></span> <span class='ocrx_word' id='word_1_403' title='bbox 1962 3575 2041 3636; x_wconf 89' lang='lat' dir='ltr'><strong>ita</strong></span> <span class='ocrx_word' id='word_1_404' title='bbox 2086 3572 2280 3633; x_wconf 87' lang='lat' dir='ltr'><strong>scribit</strong></span> <span class='ocrx_word' id='word_1_405' title='bbox 2320 3573 2427 3631; x_wconf 88' lang='lat' dir='ltr'><strong>Ni·</strong></span> 
     </span>
     <span class='ocr_line' id='line_1_87' title="bbox 1424 3652 2431 3732; baseline -0.003 -15"><span class='ocrx_word' id='word_1_406' title='bbox 1424 3660 1634 3718; x_wconf 81' lang='lat' dir='ltr'><strong>candet</strong></span> <span class='ocrx_word' id='word_1_407' title='bbox 1677 3657 1832 3716; x_wconf 90' lang='lat' dir='ltr'><strong>Alex.</strong></span> <span class='ocrx_word' id='word_1_408' title='bbox 1871 3652 1949 3716; x_wconf 71' lang='lat' dir='ltr'><strong>&#39;H</strong></span> <span class='ocrx_word' id='word_1_409' title='bbox 1988 3659 2088 3732; x_wconf 70' lang='grc' dir='ltr'><strong><em>γαρ</em></strong></span> <span class='ocrx_word' id='word_1_410' title='bbox 2128 3656 2184 3725; x_wconf 75' lang='grc' dir='ltr'><strong>δὴ</strong></span> <span class='ocrx_word' id='word_1_411' title='bbox 2227 3658 2291 3711; x_wconf 77' lang='grc' dir='ltr'><strong>σὺ</strong></span> <span class='ocrx_word' id='word_1_412' title='bbox 2338 3653 2431 3728; x_wconf 77' lang='grc' dir='ltr'><strong><em>μὲν</em></strong></span> 
     </span>
     <span class='ocr_line' id='line_1_88' title="bbox 1425 3731 2433 3815; baseline -0.007 -17"><span class='ocrx_word' id='word_1_413' title='bbox 1425 3739 1554 3815; x_wconf 68' lang='grc' dir='ltr'><strong><em>ἄγχι</em></strong></span> <span class='ocrx_word' id='word_1_414' title='bbox 1575 3739 1935 3814; x_wconf 69' lang='grc' dir='ltr'><strong><em>τολυστροίβοιο</em></strong></span> <span class='ocrx_word' id='word_1_415' title='bbox 1953 3739 2217 3805; x_wconf 74' lang='grc' dir='ltr'><strong><em>θαλάσσης</em></strong></span> <span class='ocrx_word' id='word_1_416' title='bbox 2224 3731 2433 3810; x_wconf 67' lang='grc' dir='ltr'><strong><em>Ἄρκτον</em></strong></span> 
     </span>
     <span class='ocr_line' id='line_1_89' title="bbox 1426 3813 2433 3919; baseline -0.007 -41"><span class='ocrx_word' id='word_1_417' title='bbox 1426 3825 1504 3878; x_wconf 70' lang='grc' dir='ltr'><strong>ὑπ’</strong></span> <span class='ocrx_word' id='word_1_418' title='bbox 1544 3818 1910 3897; x_wconf 71' lang='grc' dir='ltr'><strong><em>ὀμφαλόεσσαν</em></strong></span> <span class='ocrx_word' id='word_1_419' title='bbox 1953 3819 2195 3882; x_wconf 65' lang='lat' dir='ltr'><strong>eudemo,</strong></span> <span class='ocrx_word' id='word_1_420' title='bbox 2237 3813 2344 3919; x_wconf 62' lang='grc' dir='ltr'><strong>ᾗχί</strong></span> <span class='ocrx_word' id='word_1_421' title='bbox 2372 3838 2433 3871; x_wconf 80' lang='grc' dir='ltr'><strong>τε</strong></span> 
     </span>
     <span class='ocr_line' id='line_1_90' title="bbox 1424 3896 2430 3974; baseline -0.008 -15.821"><span class='ocrx_word' id='word_1_422' title='bbox 1424 3904 1532 3958; x_wconf 66' lang='lat' dir='ltr'><strong>‘Pe‘</strong></span> <span class='ocrx_word' id='word_1_423' title='bbox 1484 3926 1582 3971; x_wconf 83' lang='grc' dir='ltr'><strong><em>ειης</em></strong></span> <span class='ocrx_word' id='word_1_424' title='bbox 1606 3901 1831 3974; x_wconf 78' lang='grc' dir='ltr'><strong><em>Λοβρίνης</em></strong></span> <span class='ocrx_word' id='word_1_425' title='bbox 1869 3900 2103 3971; x_wconf 76' lang='grc' dir='ltr'><strong><em>θαλάμου</em></strong></span> <span class='ocrx_word' id='word_1_426' title='bbox 2144 3919 2202 3956; x_wconf 79' lang='grc' dir='ltr'><strong>τε</strong></span> <span class='ocrx_word' id='word_1_427' title='bbox 2239 3896 2325 3952; x_wconf 86' lang='grc' dir='ltr'><strong>και</strong></span> <span class='ocrx_word' id='word_1_428' title='bbox 2354 3898 2430 3970; x_wconf 70' lang='grc' dir='ltr'><strong>ὄρ·</strong></span> 
     </span>
     <span class='ocr_line' id='line_1_91' title="bbox 1426 3976 2432 4056; baseline -0.005 -18"><span class='ocrx_word' id='word_1_429' title='bbox 1426 3980 1696 4056; x_wconf 71' lang='grc' dir='ltr'><strong><em>γαστῆριον</em></strong></span> <span class='ocrx_word' id='word_1_430' title='bbox 1725 3976 1940 4037; x_wconf 64' lang='grc' dir='ltr'><strong><em>’.Ατϊεω</em></strong></span> <span class='ocrx_word' id='word_1_431' title='bbox 2026 3976 2253 4033; x_wconf 85' lang='lat' dir='ltr'><strong>Horum</strong></span> <span class='ocrx_word' id='word_1_432' title='bbox 2309 3993 2432 4034; x_wconf 76' lang='lat' dir='ltr'><strong>ver·-</strong></span> 
     </span>
     <span class='ocr_line' id='line_1_92' title="bbox 1429 4057 2432 4119; baseline -0.008 0"><span class='ocrx_word' id='word_1_433' title='bbox 1429 4080 1595 4119; x_wconf 89' lang='lat' dir='ltr'><strong>suum</strong></span> <span class='ocrx_word' id='word_1_434' title='bbox 1633 4057 1976 4117; x_wconf 79' lang='lat' dir='ltr'><strong>sententiam</strong></span> <span class='ocrx_word' id='word_1_435' title='bbox 2015 4066 2166 4114; x_wconf 87' lang='lat' dir='ltr'><strong>recte</strong></span> <span class='ocrx_word' id='word_1_436' title='bbox 2192 4073 2340 4112; x_wconf 89' lang='lat' dir='ltr'><strong>unus</strong></span> <span class='ocrx_word' id='word_1_437' title='bbox 2366 4074 2432 4112; x_wconf 88' lang='lat' dir='ltr'><strong>o-</strong></span> 
     </span>
     <span class='ocr_line' id='line_1_93' title="bbox 1431 4133 2432 4216; baseline -0.004 -18"><span class='ocrx_word' id='word_1_438' title='bbox 1431 4139 1651 4198; x_wconf 90' lang='lat' dir='ltr'><strong>mnium</strong></span> <span class='ocrx_word' id='word_1_439' title='bbox 1679 4137 1895 4216; x_wconf 85' lang='lat' dir='ltr'><strong>aperuit</strong></span> <span class='ocrx_word' id='word_1_440' title='bbox 1921 4137 2003 4195; x_wconf 86' lang='lat' dir='ltr'><strong>vir</strong></span> <span class='ocrx_word' id='word_1_441' title='bbox 2029 4133 2237 4195; x_wconf 88' lang='lat' dir='ltr'><strong>summi</strong></span> <span class='ocrx_word' id='word_1_442' title='bbox 2270 4134 2432 4214; x_wconf 83' lang='lat' dir='ltr'><strong>inge-</strong></span> 
     </span>
     <span class='ocr_line' id='line_1_94' title="bbox 1431 4216 2440 4279; baseline -0.006 0"><span class='ocrx_word' id='word_1_443' title='bbox 1431 4220 1514 4279; x_wconf 89' lang='lat' dir='ltr'><strong>nii</strong></span> <span class='ocrx_word' id='word_1_444' title='bbox 1563 4232 1622 4279; x_wconf 87' lang='lat' dir='ltr'><strong>et</strong></span> <span class='ocrx_word' id='word_1_445' title='bbox 1665 4216 1995 4278; x_wconf 88' lang='lat' dir='ltr'><strong>eruditionis</strong></span> <span class='ocrx_word' id='word_1_446' title='bbox 2033 4218 2258 4276; x_wconf 86' lang='lat' dir='ltr'><strong>Isaacus</strong></span> <span class='ocrx_word' id='word_1_447' title='bbox 2284 4216 2440 4274; x_wconf 85' lang='lat' dir='ltr'><strong>Vos·</strong></span> 
     </span>
    </p>
   </div>
   <div class='ocr_carea' id='block_1_17' title="bbox 1778 4346 2111 4410">
    <p class='ocr_par' dir='ltr' id='par_1_17' title="bbox 1778 4346 2111 4410">
     <span class='ocr_line' id='line_1_95' title="bbox 1778 4346 2111 4410; baseline -0.019 0"><span class='ocrx_word' id='word_1_448' title='bbox 1778 4349 1832 4410; x_wconf 60' lang='lat' dir='ltr'><strong>b}</strong></span> <span class='ocrx_word' id='word_1_449' title='bbox 1857 4350 1947 4408; x_wconf 78' lang='grc' dir='ltr'><strong>καὶ</strong></span> <span class='ocrx_word' id='word_1_450' title='bbox 1974 4346 2111 4405; x_wconf 74' lang='grc' dir='ltr'><strong><em>ἐνῈ.</em></strong></span> 
     </span>
    </p>
   </div>
  </div>
 </body>
</html>
