3109 4909
854 907 1342 1026 INDEX
1427 917 1991 1029 RERUM.

656 1392 827 1449 Prior
852 1409 1110 1448 numerus
1140 1392 1357 1460 librum,
1383 1396 1657 1467 posterior
1684 1403 1853 1472 caput
1881 1398 2152 1473 designat.

269 1558 617 1649 ABDERA,
640 1589 944 1639 Abderorum
969 1589 1106 1650 urbs,
1130 1589 1184 1637 ii.
1208 1599 1292 1652 97,
1316 1605 1392 1654 sq.

341 1656 454 1704 vide
480 1655 789 1704 Herodotum
810 1656 846 1703 1.
872 1655 908 1703 i.
932 1670 1038 1717 cap.
1067 1653 1178 1703 168.

256 1717 622 1798 ¹Abi-onychas,
641 1719 857 1785 Lysiclis
880 1720 949 1769 fil.
967 1721 1005 1768 i.
1020 1733 1102 1784 91.
1123 1718 1270 1782 hujus
1287 1733 1390 1768 me-

342 1785 489 1834 mimt
506 1784 693 1834 Herod.
714 1786 749 1834 1.
772 1786 873 1833 viii.
894 1800 937 1833 0.
963 1799 1043 1833 21.

267 1850 502 1913 Abydus,
549 1850 861 1899 Milesiorum
908 1849 1124 1908 colonia,
1164 1847 1266 1897 viii.
1309 1847 1390 1898 62.

339 1916 395 1962 111
431 1914 754 1977 Hellesponto
789 1916 906 1970 sita,
942 1913 1063 1962 ibid.
1097 1914 1209 1961 vide
1253 1914 1390 1962 Stra-

337 1979 541 2038 bonem,
562 1981 600 2029 1.
621 1980 728 2028 xiii.
752 1980 914 2028 deficit
936 1979 997 2027 ab
1014 1978 1391 2028 Atheniensibus

340 2045 405 2091 ad
426 2044 745 2108 Dercylidam
762 2051 813 2094 et
823 2044 1214 2100 Pharnabazum,
1236 2043 1355 2092 ibid.

265 2109 568 2157 Acamantis
591 2109 765 2164 tribus,
789 2109 856 2158 iv.
885 2109 995 2156 118.

264 2175 528 2223 Acanthus
549 2174 972 2232 Lacedaemonius,
994 2189 1043 2222 v.
1072 2187 1148 2238 19.

264 2240 551 2298 Acanthus,
587 2240 888 2288 Andriorum
934 2238 1146 2295 colonia,
1189 2237 1255 2286 iv.
1298 2238 1383 2298 84.

337 2304 424 2351 ubi
446 2305 562 2363 sita,
585 2304 695 2353 vide
719 2304 1047 2360 Herodotum,
1070 2303 1105 2350 1.
1129 2302 1196 2351 vi.
1230 2318 1274 2351 c.
1296 2317 1381 2365 44.

337 2368 384 2417 ei
406 2368 590 2417 bellum
618 2370 769 2419 infert
790 2367 1044 2424 Brasidas,
1074 2368 1140 2416 iv.
1161 2366 1243 2429 84.
1266 2368 1385 2418 defi-

338 2434 410 2481 cit
430 2433 493 2481 ab
517 2434 914 2492 AtheniensibuS,
938 2433 1003 2482 iv.
1022 2432 1102 2481 88.

265 2499 556 2548 Acarnania
577 2499 640 2547 ab
672 2500 930 2550 Acarnane
952 2497 1249 2547 Alcmeonis
1281 2498 1384 2548 filio

337 2563 490 2622 dicta,
524 2563 578 2612 ii.
607 2578 714 2612 102.
747 2563 833 2612 ubi
867 2564 982 2620 sita,
1014 2564 1126 2612 vide
1154 2564 1386 2612 Palmerii

338 2628 497 2677 Graec.
531 2628 650 2676 Ant.
675 2644 723 2691 p.
761 2627 874 2691 366.
908 2629 972 2678 ad
1008 2642 1119 2677 eam
1155 2629 1374 2692 subigen-

248 2701 255 2710 '
335 2692 453 2741 dam
484 2693 726 2741 Cnemum
756 2694 963 2742 mittunt
997 2693 1378 2752 Lacedaemonii,

333 2757 391 2805 ii.
423 2758 508 2816 80,
535 2759 626 2810 810.
694 2761 977 2808 Acarnanes
1008 2759 1184 2821 optimi
1217 2759 1380 2807 fundi-

335 2829 486 2882 tores,
532 2823 585 2871 ii.
632 2822 716 2872 81.
769 2824 973 2872 vincunt
1016 2824 1379 2883 Ambraciotas,

332 2887 450 2936 ibid.
487 2902 656 2949 pacem
687 2903 798 2936 cum
828 2889 900 2938 eis
934 2888 1141 2947 faciunt,
1165 2888 1237 2936 iii.
1269 2888 1377 2938 108.

332 2954 391 2999 in
413 2951 798 3064 ⁶Agtheniensium
836 2953 1118 3002 societatem
1152 2954 1376 3014 veniunt,

332 3033 390 3065 11.
479 3053 492 3067 .

250 3082 523 3140 Acesines,
565 3083 745 3132 Siciliae
786 3083 903 3132 fluv.
940 3083 1007 3132 iv.
1050 3095 1128 3146 25.
1194 3083 1377 3143 Plinio,

331 3146 542 3210 aliisque
567 3149 968 3202 diciturAsines.
1013 3148 1138 3197 Vide
1162 3148 1379 3197 Cluverii

332 3212 473 3261 Sicil.
498 3228 545 3275 p.
562 3227 645 3276 92,
668 3229 749 3276 93.

254 3276 473 3336 Achaia,
496 3284 616 3340 quot
642 3280 786 3327 urbes
818 3278 1013 3338 habeat,
1047 3277 1158 3327 vide
1190 3278 1377 3327 Herod.

330 3342 367 3390 1.
389 3343 423 3389 i.
465 3357 508 3390 c.
542 3356 648 3405 149·
682 3352 732 3392 et
765 3344 927 3391 Strab.
961 3344 997 3391 l.
1031 3343 1102 3392 ix.
1170 3343 1375 3403 Achaia,

328 3422 442 3469 quae
464 3406 517 3454 in
543 3408 896 3469 Peloponneso,
920 3408 973 3456 in
1006 3408 1375 3457 Atheniensium

329 3472 615 3520 societatem
641 3479 875 3530 assumta,
898 3472 934 3520 i.
964 3485 1072 3521 111.
1137 3474 1378 3535 Pelopon-

327 3537 484 3585 nesiis
502 3537 690 3586 reddita
712 3538 773 3586 ab
795 3538 1195 3597 Atheniensibus,
1210 3539 1245 3585 i.
1267 3550 1377 3601 115.

327 3616 440 3649 eam
475 3609 754 3662 reposcunt,
786 3603 852 3649 iv.
879 3616 956 3650 21.
1012 3603 1176 3651 Achaei
1208 3603 1374 3652 Phthi-

325 3673 446 3725 otoe,
461 3667 565 3714 viii.
588 3680 638 3726 3.
705 3667 815 3715 Vid.
840 3667 1091 3716 Hellenes.

257 3730 522 3790 Acharna,
547 3731 795 3780 maximus
817 3731 995 3780 Atticae
1016 3746 1192 3795 pagus,
1210 3730 1266 3779 ii.
1295 3746 1370 3796 19.

325 3796 454 3844 Vide
489 3796 763 3845 Meursium
797 3797 859 3844 de
897 3797 1015 3858 Pop.
1061 3799 1167 3845 Att.
1205 3812 1254 3858 p.
1293 3796 1369 3844 18.

246 3871 255 3884 ·
325 3860 634 3919 obsidentur,
658 3860 712 3908 ii.
741 3875 823 3921 20,
851 3861 940 3909 810.
961 3876 1144 3925 magna
1162 3876 1277 3924 pars
1298 3862 1370 3910 ci-

250 3926 257 3931 ’
324 3926 497 3974 vitatis
517 3925 847 3984 Atheniensis,
871 3926 989 3974 ibid.

240 3990 509 4039 'Achelous
531 3992 583 4038 fl.
606 4005 668 4038 ex
689 3991 846 4039 Pindo
868 3998 1037 4039 monte
1058 4006 1146 4053 per
1163 3991 1370 4052 Dolopi-

326 4070 430 4113 am,
470 4054 677 4118 Agraos,
717 4056 807 4104 &c.
839 4054 967 4115 fluit,
990 4056 1044 4103 ii.
1074 4069 1182 4104 102.
1245 4055 1370 4105 Vide

324 4120 638 4179 Strabonem,
683 4121 721 4169 1.
757 4136 806 4169 x.
851 4127 902 4169 et
940 4120 1171 4169 Palmerii
1215 4121 1371 4169 Graec.

324 4184 448 4233 Ant.
470 4201 520 4247 p.
536 4197 652 4246 423.

240 4250 484 4316 ,Acheron
509 4251 615 4313 agri
630 4249 938 4311 Thesprotici
954 4251 1007 4298 fl.
1027 4250 1062 4298 i.
1084 4249 1167 4310 46.

252 4315 530 4366 Acherusia
547 4315 706 4378 palus,
729 4314 848 4364 ibid.
912 4316 1038 4365 Vide
1060 4314 1372 4374 Strabonem,

250 4391 257 4396 ’
328 4392 452 4430 voi..
476 4392 557 4429 m.
580 4379 837 4431 Tnucvn.

1521 1590 1558 1638 1.
1581 1592 1666 1640 vii.
1733 1592 1955 1654 Livium,
1979 1594 2015 1644 1.
2039 1595 2135 1644 viii.
2161 1602 2211 1645 et
2234 1595 2466 1645 Palmerii
2485 1597 2574 1645 Gr.

1525 1655 1642 1705 Ant.
1665 1672 1716 1719 p.
1740 1658 1852 1707 28‘1.

1444 1722 1600 1769 Acrae
1620 1722 1738 1770 urbs
1763 1723 1960 1782 Siciliae,
1984 1724 2050 1773 vi.
2074 1737 2122 1788 5.

1454 1786 1683 1835 Aeraeum
1704 1787 1885 1851 Lepas,
1908 1790 1993 1837 vii.
2020 1789 2098 1851 78.

1454 1851 1676 1913 Acragas
1691 1851 1808 1901 urbs
1830 1859 1882 1901 et
1902 1853 2077 1903 fluvius
2098 1854 2295 1912 Siciliae,
2310 1855 2376 1904 vi.
2391 1867 2441 1915 4.
2458 1856 2571 1905 vide

1521 1915 1867 1979 Agrigentum.

1455 1981 1692 2029 Acrothoi
1714 1982 1849 2040 urbs,
1873 1981 1940 2029 iv.
1967 1996 2079 2046 109.

1455 2046 1639 2095 Actaeae
1661 2045 1905 2106 civitates,
1924 2047 1989 2095 iv.
2014 2059 2095 2110 52.

1453 2109 1581 2158 Acte
1614 2111 1771 2173 regio,
1803 2110 1872 2161 ir.
1912 2125 2020 2175 109.
2066 2126 2190 2174 quas
2225 2113 2371 2162 urbes
2407 2114 2567 2164 conti-

1517 2182 1652 2234 neat,
1677 2176 1795 2224 ibid.

1449 2239 1648 2288 Actium
1700 2241 1806 2303 agri
1860 2241 2137 2301 Anactorii,
2180 2242 2264 2289 ubi
2320 2245 2560 2305 templum

1512 2305 1780 2370 Apollinis,
1805 2305 1841 2352 i.
1867 2319 1945 2369 29.
1992 2306 2118 2354 Vide
2137 2306 2417 2371 Polybium,
2441 2310 2476 2359 l.
2496 2311 2561 2358 iv.

1512 2369 1674 2418 Strab.
1700 2369 1732 2419 l.
1754 2386 1803 2418 x.
1826 2376 1877 2418 et
1890 2370 2117 2419 Palmerii
2130 2371 2216 2420 Gr.
2239 2374 2359 2440 Ant.
2376 2389 2424 2437 p.
2446 2384 2563 2437 373.

1452 2498 1766 2559 Adimantus,
1789 2499 1823 2550 i.
1839 2513 1922 2563 59.

1451 2564 1691 2614 Admetus
1723 2580 1812 2613 rex
1845 2564 2197 2624 Molossorum,
2227 2564 2267 2613 i.
2300 2563 2409 2628 136.
2442 2582 2557 2631 pro-

1515 2629 1688 2692 fugum
1710 2629 2090 2678 Tbemistoclem
2112 2630 2302 2692 recipit,
2326 2631 2446 2680 ibid.

1447 2692 1835 2758 Adramyttium,
1859 2695 1969 2744 vide
1992 2695 2363 2760 Atramyttium.

1447 2758 1707 2807 AEantides
1738 2766 1900 2824 tyran.
1943 2759 2327 2823 Lampsacenus,
2369 2760 2438 2809 vi.
2474 2772 2558 2826 59,

1446 2838 1683 2951 Εῗῶοοε
1709 2903 1853 2937 mons
1886 2889 2081 2949 Atticae,
2111 2888 2164 2938 ii.
2206 2903 2281 2954 19.
2311 2890 2424 2940 vide
2446 2891 2553 2941 He-

1510 2953 1615 3000 rod.
1633 2953 1669 3000 l.
1692 2952 1762 3001 iii.
1778 2970 1824 3004 c.
1846 2968 1927 3016 90.

1443 3017 1644 3081 AEgina.
1676 3019 1785 3067 vide
1816 3020 2128 3078 Strabonem,
2152 3019 2187 3066 l.
2221 3034 2269 3066 x.
2303 3026 2355 3067 et
2374 3019 2557 3069 Pausa-

1509 3083 1647 3130 niam
1689 3082 1743 3131 in
1776 3083 2119 3132 Corinthiacis.
2148 3090 2461 3145 oppugnatur
2495 3086 2557 3134 ab

1509 3146 1908 3206 Atheniensibus,
1945 3147 1981 3194 i.
2011 3159 2119 3210 105.
2156 3163 2229 3210 sq.
2262 3148 2437 3196 iisdem
2472 3165 2558 3211 per

1509 3212 1807 3260 deditionem
1831 3212 2030 3269 tradita,
2062 3213 2096 3261 i.
2121 3212 2235 3261 108.
2259 3211 2557 3262 incursioni-

1507 3276 1603 3325 bus
1633 3278 1913 3338 infestatur,
1937 3278 2043 3325 viii.
2061 3290 2141 3341 92.
2167 3278 2362 3340 AEginae
2396 3278 2554 3339 sinus,

1508 3342 1629 3390 ibid.
1696 3342 1941 3405 AEginetae
1959 3342 2114 3391 classe
2135 3343 2256 3390 olim
2274 3344 2555 3403 valuerunt,

1504 3407 1541 3454 i.
1593 3419 1666 3467 14.
1708 3407 1893 3456 bellum
1944 3408 2177 3456 adversus
2230 3407 2557 3458 Athenienses

1508 3473 1733 3531 suadent,
1767 3473 1801 3521 i.
1830 3471 1909 3533 67.
1945 3473 2006 3520 ab
2039 3472 2422 3521 Atheniensibus
2462 3489 2552 3522 na·

1436 3546 1444 3553 ·
1506 3537 1606 3584 vali
1628 3537 1807 3599 proelio
1829 3535 1967 3594 victi,
2001 3537 2035 3584 i.
2065 3548 2177 3599 105,
2201 3552 2271 3597 sq.
2305 3540 2553 3599 quomodo

1505 3609 1555 3649 et
1577 3616 1666 3649 cur
1688 3616 1749 3650 ex
1776 3602 1961 3664 AEgina
1978 3601 2039 3649 ab
2062 3602 2442 3650 Atheniensibus
2464 3618 2552 3651 ex-

1503 3666 1653 3727 pulsi,
1675 3666 1727 3713 ii.
1750 3677 1826 3728 27.
1859 3666 2104 3729 Thyream
2120 3682 2151 3713 a
2169 3665 2553 3717 Lacedaemoniis

1501 3730 1813 3779 incolendam
1837 3731 2104 3793 accipiunt,
2122 3731 2238 3779 ibid.
2256 3739 2399 3792 capta
2415 3732 2550 3797 Thy-

1501 3810 1605 3854 rea,
1649 3797 1895 3858 quomodo
1931 3795 1993 3843 ab
2030 3796 2413 3844 Atheniensibus
2451 3804 2550 3846 tra-

1499 3860 1643 3919 ctati,
1666 3860 1733 3910 iv,
1756 3870 1837 3923 57.
1859 3875 1931 3922 sq.
1950 3859 2260 3923 AEgineticus
2281 3860 2474 3921 obolus,
2499 3877 2549 3914 v.

1498 3935 1583 3987 47.
1607 3924 1890 3989 AEginetica
1911 3926 2162 3982 drachma,
2184 3925 2304 3974 ibid.

1434 3989 1674 4052 AEgitium
1699 3991 1753 4038 in
1770 3990 1977 4050 AEtolia,
1993 3991 2064 4039 iii.
2081 4004 2161 4054 94.
2186 3991 2297 4039 vide
2312 3990 2547 4041 Palmerii

1503 4054 1765 4113 Graeciam,
1790 4071 1837 4118 p.
1862 4053 1976 4118 465.

1436 4119 1684 4184 AEgyptus
1721 4116 1787 4168 ‘ab
1818 4121 2094 4168 Artaxerxe
2130 4118 2313 4178 deficit,
2351 4120 2387 4167 i.
2427 4132 2541 4180 104,

1500 4199 1573 4246 sq.
1615 4200 1675 4233 ea
1706 4184 1970 4247 aliquando
2008 4185 2154 4247 potiti
2200 4184 2540 4244 Athenienses,

1502 4249 1537 4296 i.
1568 4263 1688 4312 ¹09·‚
1713 4250 1891 4298 iterum
1924 4250 1977 4297 in
2011 4250 2250 4299 ditionem
2273 4249 2402 4311 regis
2423 4249 2541 4297 Per-

1504 4329 1671 4363 sarum
1694 4316 1937 4375 concedit‚
1970 4314 2006 4363 i.
2039 4329 2148 4365 110.
2177 4315 2237 4362 in
2269 4328 2379 4362 eam
2416 4315 2542 4363 clas-

1570 4382 1603 4414 *
1627 4390 1658 4426 n
