3109 4909
903 357 1424 430 ’ΞΥΓΓΡΑΦΗΣ
1468 363 1553 424 Θ.
1628 359 1828 424 VIII.
1861 377 1967 443 29.

2358 375 2480 443 179

563 529 588 556 t
954 534 976 560 s
1141 531 1164 560 t
1451 533 1469 553 ³
1533 534 1557 560 s
1796 533 1834 554 κ
2034 530 2057 558 ι
2272 537 2294 564 χ
2409 535 2449 555 κ

380 527 834 640 nemitori-a]
853 567 1023 640 ,τρια
1072 552 1394 614 romana.
1441 527 1661 613 εὸιὸου
1723 568 1831 612 του
1892 557 2113 636 pravos·
2178 565 2297 611 και
2342 567 2481 616 τοις

381 711 504 787 νίς]
535 712 720 771 Recte
739 711 875 771 vidit
894 712 1221 783 Palmerius,
1244 715 1393 772 hanc
1473 727 1550 783 ta,
1575 714 1634 773 id
1660 728 1769 785 est,
1796 715 2010 773 talenta
2036 714 2229 795 viginti
2258 729 2474 795 septem

384 791 719 870 scripturam
790 805 937 854 stare
1016 813 1134 851 non
1202 814 1388 872 posse.

381 872 558 938 Nam,
609 872 658 930 si
711 872 943 953 singulis
999 873 1289 932 mensibus
1329 873 1389 932 in

380 951 510 1034 LV.
540 972 710 1012 naves
738 953 996 1012 non-nisi
1022 954 1130 1013 tria
1157 954 1386 1024 talenta,

378 1031 441 1089 id
467 1045 575 1102 est,
596 1052 767 1092 xvtu.
791 1033 967 1092 millia
992 1035 1385 1106 drachmarum

378 1111 719 1182 Atticarum,
747 1114 880 1172 data
904 1115 1149 1184 fuerunt,
1182 1135 1383 1174 conse-

379 1202 561 1271 quens
588 1205 694 1262 est,
722 1193 971 1274 singulas
1002 1215 1172 1254 naves
1200 1195 1383 1273 quoli-

380 1274 479 1332 bet
533 1293 731 1333 mense
776 1286 1002 1333 tantum
1043 1277 1214 1353 paulo
1253 1276 1382 1353 plus

381 1370 519 1430 327.
547 1354 861 1424 drachmas,
890 1366 949 1414 et
978 1354 1038 1414 in
1071 1355 1193 1415 dies
1231 1376 1380 1415 non-

376 1433 516 1492 dum
542 1434 824 1504 undecim,
846 1434 1040 1494 tulisse
1053 1458 1070 1505 3
1100 1436 1253 1514 quod
1275 1448 1379 1506 est,

377 1526 445 1572 ut
490 1516 637 1574 bene
682 1514 1011 1585 Palmerius,
1045 1516 1380 1576 absurdissi-

377 1609 558 1654 mum.
643 1596 843 1674 Itaque
874 1608 1059 1655 tentat
1100 1598 1253 1656 hunc
1291 1598 1378 1656 lo-

376 1694 509 1736 cum
538 1675 697 1735 variis
724 1675 1080 1752 conjecturis.
1161 1680 1251 1736 Ex
1292 1677 1381 1737 his

373 1769 719 1834 postremam
768 1757 1141 1836 amplectitur,
1179 1771 1237 1817 et
1275 1779 1379 1837 pro

372 1842 491 1914 τρία
514 1842 755 1896 τάλαντα
771 1837 966 1897 itidem
988 1843 1253 1915 τριάκοντα
1275 1843 1375 1897 τά·

371 1928 544 1977 Mna
569 1917 706 2011 legit
738 1916 1085 1977 Meibomius
1123 1919 1183 1977 in
1231 1918 1377 1978 libro

371 1997 446 2055 de
485 1999 724 2058 Fabrlca
757 1998 1119 2070 Triremium',
1150 2020 1205 2078 p.
1236 2014 1374 2076 559.

369 2090 434 2136 et
459 2097 615 2157 seqq.
645 2091 785 2139 tom.
812 2080 956 2139 ΧΠ.
986 2081 1160 2139 Thes.
1190 2080 1374 2138 Graev,

367 2160 579 2238 Longa
594 2172 683 2217 est
696 2159 844 2218 illius
864 2158 1186 2239 disputatio,
1205 2179 1373 2238 quarn

369 2238 433 2297 in
479 2259 660 2317 pauca
698 2243 1047 2310 contraham,
1081 2253 1140 2300 et
1187 2260 1372 2299 meam

369 2321 445 2378 de
469 2339 538 2378 ea
580 2320 938 2390 sententiam,
965 2342 1136 2399 quam
1172 2333 1373 2400 potero

368 2398 711 2470 brevissime,
749 2401 951 2468 dicam,
1037 2400 1228 2460 Primo
1270 2399 1372 2480 prb

366 2480 683 2540 certissimo
709 2481 892 2559 ponit,
910 2481 969 2539 in
997 2477 1248 2559 qualibet
1270 2481 1372 2540 tri·

367 2560 513 2626 remi
566 2580 636 2620 ea
686 2573 853 2620 aetate
909 2563 1202 2631 ducentos,
1241 2582 1372 2621 curn

366 2653 590 2710 nautas»,
614 2645 736 2700 tu‘m
764 2640 989 2711 milites,
1022 2643 1273 2720 adeoque
1313 2642 1372 2699 in

363 2723 475 2780 hac
497 2722 624 2781 LV.
648 2722 875 2780 navium
900 2723 1079 2782 classe
1104 2721 1368 2781 undecim

364 2799 545 2860 millia
568 2802 865 2861 hominum
893 2802 1085 2862 fuisse.
1145 2803 1371 2862 Deinde

362 2884 535 2941 verba
575 2881 940 2962 Thucydidis,
999 2891 1122 2962 quae
1176 2882 1368 2961 paullo

362 2974 503 3021 ante
527 2963 649 3021 haec
673 2962 955 3043 leguntur,
974 2966 1120 3038 μηνὸς
1142 2964 1234 3037 μὲν
1257 2973 1366 3041 τροὲ

361 3045 467 3120 φῆν
499 3042 683 3121 (ὥσπερ
721 3044 908 3115 ὑπέστη
950 3050 1002 3101 ἐν
1029 3052 1090 3121 τῇ
1117 3048 1366 3102 Λακεδαί-

361 3125 499 3197 μονι)
547 3130 595 3190 ἐς
631 3125 851 3200 δραχμὴν
890 3126 1123 3195 Ἀττικὴν
1170 3128 1369 3197 ἑκάστῳ

362 3207 557 3270 πάσαις
593 3211 708 3270 ταῖς
742 3205 886 3262 ναυσὶ
916 3204 1121 3272 διέδωκε,
1148 3203 1230 3262 ita
1275 3203 1364 3261 in-

363 3293 720 3362 terpretatur,
749 3285 859 3342 hoc
912 3303 947 3341 a
986 3283 1364 3362 Tissapherne

361 3362 576 3421 factum
603 3382 727 3422 esse
766 3383 836 3421 ex
875 3376 1042 3442 pacto
1071 3363 1218 3423 inter
1242 3364 1362 3423 Re-

361 3463 491 3524 gem
537 3455 597 3503 et
630 3444 1111 3512 Lacedaemonios,
1139 3444 1212 3502 de
1251 3465 1365 3522 quo

361 3535 451 3582 est
475 3543 600 3601 capt
632 3541 688 3601 5.
716 3544 831 3603 quo
859 3524 986 3583 Rex
1027 3523 1362 3603 promiserit,

361 3623 424 3662 se
457 3603 645 3682 primo
686 3623 881 3663 mense
908 3603 1145 3697 singulis
1175 3603 1360 3662 nautis

360 3682 710 3753 drachmam,
761 3686 1124 3763 sequentibus
1170 3697 1360 3745 autem

358 3774 584 3822 tantum
638 3777 752 3824 tres
805 3766 1023 3834 obolos,
1077 3766 1359 3823 daturum.

359 3843 658 3902 Postremo
684 3843 798 3914 illa,
831 3845 953 3919 ὅμως
978 3846 1028 3903 δὲ
1055 3850 1193 3922 παρὰ
1217 3846 1382 3903 τίνι-ε’

1471 794 1642 854 semis
1693 795 1751 852 in
1796 796 1924 854 LV.
1952 815 2139 874 naves,
2188 796 2341 864 dare,
2386 809 2474 855 ta·

1470 895 1623 942 men,
1651 887 1716 933 ut
1743 875 2035 934 alacriores
2073 875 2330 935 redderet
2353 877 2472 934 La-

1469 955 1865 1023 cedaemonios‚
1919 953 2234 1033 pollicitum
2281 955 2470 1025 fuisse,

1467 1039 1530 1095 se
1551 1037 1679 1095 LV.
1707 1035 1942 1095 navibus
1983 1036 2044 1094 in
2089 1055 2344 1096 mensem
2372 1037 2471 1095 tri·

1465 1114 1625 1209 ginta
1667 1116 1881 1174 talenta
1922 1116 2305 1194 praebiturum,
2341 1137 2470 1195 per-

1463 1197 1616 1265 inde,
1648 1215 1714 1255 ac
1756 1196 1803 1255 si
1845 1195 2036 1255 classis
2063 1197 2196 1257 LX.
2226 1197 2469 1267 navium,

1462 1288 1521 1335 et
1565 1277 1626 1334 in
1669 1295 1736 1336 ea
1761 1277 1905 1334 XII.
1934 1276 2112 1335 millia
2149 1277 2468 1347 hominum,

1461 1369 1667 1416 essent.
1713 1357 1885 1416 Unde
1912 1357 2225 1416 necessario
2247 1359 2467 1428 confici,

1460 1449 1644 1516 putat,
1693 1457 1798 1516 pro
1816 1431 1948 1515 ’τρία
1991 1439 2294 1518 legendum
2345 1458 2469 1497 esse

1458 1523 1745 1595 τριάκοντα.
1831 1519 1944 1577 Sed
1985 1537 2103 1577 non
2129 1539 2307 1598 pauca
2335 1532 2471 1578 sunt.

1459 1597 1519 1656 in
1548 1600 1656 1656 hac
1693 1597 2155 1676 interpretatione
2181 1611 2241 1657 et
2267 1618 2464 1658 emen-

1459 1678 1693 1737 datione
1721 1679 1909 1737 dubia.
1951 1678 2176 1737 Nititur
2202 1699 2269 1738 ea
2295 1679 2471 1756 unico⁴

1460 1760 1572 1818 hoc
1599 1759 1972 1818 fundamento
2014 1760 2086 1817 de
2115 1759 2376 1819 ducentis
2403 1760 2463 1818 in

1497 1837 1710 1898 nalibet
1751 1840 1878 1898 navi
1905 1839 2266 1908 hominibus3
2310 1841 2464 1917 quod

1481 1919 1709 1978 ortassis
1759 1940 1874 1978 non
1923 1919 2306 1978 firmissimum
2356 1932 2462 1979 est.

1460 2001 1788 2061 Herodotus
1816 2000 2062 2078 quidem,
2079 2004 2237 2078 cujus
2265 2012 2462 2058 aucto-

1458 2081 1623 2139 ritate
1686 2080 1968 2159 praecipue
2073 2092 2266 2160 ugnat,
2321 2082 2459 2140 Vll.

1463 2177 1595 2237 174.
1610 2160 1821 2229 scribit,
1852 2160 1912 2218 in
1941 2160 2018 2218 m'
2066 2181 2099 2219 e
2123 2161 2380 2219 ducentis
2401 2175 2461 2220 et

1455 2253 1674 2320 septem
1704 2240 1935 2302 navibus
1960 2240 2165 2299 Xerxis
2200 2237 2456 2316 241400.

1452 2321 1714 2381 homines
1754 2320 1941 2391 fuisse,
1972 2325 2205 2380 ducenos
2247 2325 2306 2378 in
2345 2327 2457 2380 sin-'-

1449 2406 1615 2478 gulas
1634 2421 1798 2460 naves
1820 2405 2166 2478 supputando
2184 2427 2204 2459 .·
2236 2402 2336 2460 sed
2357 2399 2457 2460 ad-

1454 2483 1554 2552 dit,
1578 2483 1729 2561 quod
1755 2482 2071 2541 dissimulat
2087 2481 2455 2552 MeibomiuS,

1452 2576 1660 2641 praeter
1710 2563 1816 2621 hos
1860 2562 2108 2641 singulas
2144 2582 2311 2621 naves
2355 2562 2456 2621 tri-

1493 2643 1615 2701 inta
1641 2641 1894 2721 epibatas
1921 2642 2203 2701 habuisse.
2244 2645 2323 2701 At
2348 2644 2454 2701 hos

1450 2665 1522 2782 ΞΕ
1562 2741 1799 2781 numero
1841 2723 2215 2781 ducentorum
2264 2724 2453 2795 detra—-

1449 2804 1535 2861 hit
1559 2802 1926 2872 Meibomius,
1950 2815 2010 2861 et
2035 2801 2269 2883 singulis
2297 2803 2451 2861 naviss

1449 2887 1555 2943 bus
1616 2882 2158 2960 Peloponnesiorum
2225 2896 2450 2942 tantum

1447 2965 1722 3023 ducentos
1763 2963 2042 3031 homines,
2079 2983 2217 3022 non.
2242 2964 2448 3041 plureS,

1448 3065 1554 3103 nec
1596 3043 1904 3122 pauciores,
1934 3056 2140 3112 vectos,
2172 3055 2341 3121 atque
2381 3064 2449 3102 ex

1448 3125 1515 3184 iis
1555 3125 1704 3201 280.
1753 3123 2011 3202 remiges,
2066 3123 2309 3203 reliquos
2354 3143 2447 3182 20.

1447 3203 1654 3284 partim
1692 3202 1916 3272 militeS,
1943 3202 2146 3282 partim
2186 3202 2445 3286 ministe-

1443 3285 1526 3343 rio
1569 3282 1733 3343 alicui
1781 3283 2093 3361 praefectos,
2124 3282 2311 3354 fuisse,
2341 3305 2446 3363 pu-

1443 3377 1545 3424 tat.
1615 3365 1832 3441 Itaque,
1862 3383 2037 3441 quum
2069 3363 2191 3442 ipse
2216 3366 2289 3423 ab
2318 3365 2443 3423 He·

1442 3445 1645 3503 rodoto
1672 3440 1854 3513 abeat,
1882 3444 2086 3502 frustra
2112 3444 2173 3502 in
2200 3463 2270 3502 eo
2298 3465 2443 3523 prae·

1443 3524 1648 3583 sidium
1703 3524 1999 3583 sententiae
2054 3543 2171 3582 suae
2224 3523 2440 3601 quaerit.

1440 3604 1615 3674 Quin,
1633 3604 1821 3674 etiam,
1845 3604 1891 3662 si
1921 3604 2247 3663 Herodotus
2274 3603 2441 3681 plane

1440 3685 1609 3754 idem,
1630 3685 1783 3762 quod
1801 3683 2165 3750 Meibomius,
2189 3682 2438 3752 dixisset,

1441 3779 1631 3824 tamen
1658 3784 1726 3823 ex
1746 3784 1814 3823 eo
1842 3765 2095 3823 nondum
2125 3781 2227 3842 pro
2243 3764 2439 3822 certis-

1440 3846 1585 3904 simo
1620 3844 1991 3903 demonstrari
2026 3856 2236 3922 posset,
2267 3844 2436 3902 Pelo-

354 3930 487 3992 ναῦς,
515 3935 576 3983 et
610 3946 733 4002 quae
762 3937 1090 4003 sequuntur,
1119 3926 1271 3983 hunc
1296 3924 1354 3982 in
1435 3923 1740 4004 ponnesios
1767 3924 2016 4004 aliosque
2043 3926 2271 3984 Graecos
2299 3936 2438 3983 tunc

357 4004 592 4062 modum
610 4004 870 4083 exponit;
896 4005 1352 4084 Tissaphernem,
1435 4006 1713 4075 eamdem,
1740 4026 1911 4083 quam
1943 4003 2078 4064 olim
2123 4003 2182 4062 in
2224 4001 2434 4064 in'stru-

354 4079 698 4163 quamquam
745 4103 814 4144 ex
854 4098 1025 4164 pacto
1065 4085 1192 4165 cogi
1235 4104 1353 4143 non
1432 4086 1579 4144 enda
1622 4086 1803 4164 classe
1843 4087 2111 4154 Xerxem,
2156 4084 2432 4143 rationem

353 4175 580 4241 poterat
623 4178 757 4243 post
810 4164 1053 4245 primum
1098 4185 1353 4224 mensem
1434 4178 1701 4244 sequutos
1720 4166 1910 4226 fuisse.
1952 4168 2003 4225 E
2032 4165 2211 4225 verbis
2231 4167 2434 4224 Xeno-¹

349 4244 498 4323 plus,
528 4265 697 4324 quam
725 4258 840 4306 tres
866 4247 1067 4307 obolos
1099 4246 1161 4305 in
1198 4244 1351 4325 capi·
1434 4243 1668 4326 phontis
1707 4246 1887 4326 prima
1930 4243 2115 4326 specie
2145 4245 2433 4324 aliquanto

1187 4370 1236 4408 1.
1263 4354 1378 4427 τρία
1403 4371 1518 4409 om.
1547 4352 1621 4409 B.

1614 4450 1719 4490 ΝΖ
