3109 4909
334 359 383 422 b

877 367 1368 433 ΞΤΓΓΡΑΦΗΣ
1411 372 1499 432 Θ.
1573 369 1768 432 vlu.
1798 389 1837 454 9
1839 387 1904 452 5·

2309 381 2429 452 277

347 533 723 628 καθεῖλκον,
774 548 829 619 οἱ
882 534 970 652 δέ
1010 575 1175 628 τινες
1221 541 1334 619 ἐπὶ
1387 537 1483 619 rc}
1522 541 1724 638 τείχη,
1764 545 1883 620 καὶ
1934 537 2006 621 τὶ
2056 539 2289 645 στόμα
2326 540 2436 618 τοῧ

342 662 608 771 λιμὲνος
661 665 1115 773 παρεβοήθουν.

1214 672 1253 713 ¹*
1282 677 1357 747 αἱ
1410 660 1481 747 δὲ
1534 666 1658 746 τῶν
1714 669 2238 761 Πελοποννησίων
2275 665 2430 760 νῆες,

344 789 943 898 παραπλεύσασαι
1002 828 1121 873 και
1176 793 1689 901 περιβαλουσαι
1752 791 2019 884 Σουνιον,
2074 794 2489 902 ὄρμίζονταιι

343 915 606 1024 μεταξῖι
642 922 916 1028 Θορῖκου
965 955 1036 1000 τε
1087 956 1206 1000 και
1250 922 1596 1027 Πραισίων,
1619 918 1867 1029 ὅστερον
1900 916 1992 1000 δὲ
2009 923 2434 1026 ἀφικνοῦνται
2454 952 2763 1066 ffim‘m'

2383 1046 2405 1071 z
2551 1034 2664 1080 pum
2681 1031 2763 1064 ve-

284 1071 322 1132 5
349 1044 418 1128 ἔς
470 1047 794 1151 Ὠρωπόν.

347 1332 422 1376 τε
476 1296 973 1407 στασιαζούσης
1022 1333 1141 1379 και
1180 1334 1340 1408 περι
1390 1301 1504 1377 ‘rofa'
1554 1302 1881 1404 μεγίστου
1934 1301 2319 1406 βουλομενοι
2379 1336 2438 1381 εν

346 1421 549 1522 τοίχει
605 1420 926 1520 βοηθῆσαι
977 1424 1265 1524 (Εὔβοια
1300 1460 1440 1535 γαρ
1479 1430 1702 1511 αὐτοις
1746 1425 2295 1543 ἀποκεκλημενης

2450 695 2746 824 Pelogostiue-

2453 829 2710 882 sinautem,

2455 892 2654 939 Sunium

909 1044 1223 1140 Ἀθηναῖοι
1276 1039 1348 1125 δὲ
1389 1081 1578 1126 κατα
1613 1045 1832 1144 ταχος
1873 1047 1990 1127 και
2030 1047 2436 1156 αξυγκροτη-
2457 1101 2502 1134 m
2491 1087 2614 1131 iu.nt
2664 1084 2765 1128 ιιι-

2376 1172 2402 1199 )
2455 1164 2543 1210 que
2565 1162 2626 1194 ne
2648 1148 2749 1193 Eu-

346 1206 483 1256 τοις
518 1171 960 1282 πληρωμασιν
1007 1170 1544 1275 αναγκασθεντες
1569 1170 1982 1283 χρήσασθαι,
2007 1172 2134 1253 οἱα
2169 1174 2437 1259 πολεως
2454 1213 2596 1260 boeai
2581 1211 2666 1273 ιρι·
2671 1226 2692 1257 ι
2711 1224 2767 1256 ι-

2341 1295 2346 1300 ·
2388 1302 2419 1323 ι.
2454 1279 2702 1339 riperetur,

2366 1423 2418 1442 Μ’

2326 1461 2440 1518 της

349 1584 556 1658 λεμίοιν]
605 1586 920 1661 περιαιρετέον
953 1588 1038 1643 τὸν
1070 1584 1100 1655 ἢ
1132 1589 1413 1658 συνδεσμον.
1499 1602 1557 1661 3.
1598 1589 1698 1644 Καὶ
1723 1584 2167 1663 περιβαλοῦσαι]
2137 1611 2279 1662 ηγουν
2301 1610 2437 1662 περι·

351 1669 698 1723 κυκλόσοισαι.
782 1678 842 1741 5.
883 1668 986 1724 Καὶ
1024 1663 1496 1742 ἀξυγκροτῆτοις]”
1466 1691 1610 1741 ηγουν
1639 1671 1843 1742 ἑτοίμοις
1868 1671 2055 1727 ναυσίν.
2140 1668 2198 1725 8.

442 1811 494 1851 1.
523 1793 630 1867 ἔτι]
665 1790 1228 1872 ecLWOPdeng

438 1890 496 1949 3.
524 1875 890 1949 ὑπερβαλοῦσαι
918 1873 960 1933 f.

437 1954 686 2030 ὁρμίζοιντο
712 1950 808 2011 dj.

436 2052 497 2107 4.
541 2038 726 2110 θορυκοῧ
769 2034 838 2091 Α.
863 2034 935 2092 Β.
954 2034 1020 2092 F.
1045 2034 1127 2092 H.
1151 2036 1225 2093 Ο.
1245 2054 1296 2092 e.
1317 2034 1359 2092 f.

349 2134 411 2193 g.
433 2114 490 2171 k.
549 2118 752 2190 θουρικοῢ
792 2114 865 2172 L.
882 2115 939 2172 d.
958 2113 998 2172 ἰ.
1042 2118 1243 2192 θουρῖκου
1278 2115 1360 2175 Κ.

439 2277 664 2351 Θορίκου]
739 2274 1111 2354 Etymologus
1189 2276 1362 2335 etiam

353 2356 578 2430 Θάρυκος,
608 2368 668 2413 et
692 2356 822 2413 MS.
856 2355 1137 2414 Herodoti
1160 2357 1361 2415 Baroe.

355 2437 463 2493 1V.
516 2453 614 2512 99.
676 2437 965 2495 mendose.
1034 2438 1361 2516 Xenophon

352 2516 464 2584 bis,
535 2517 756 2584 Strabo,
826 2516 1225 2594 ApollodoruS‚
1307 2528 1366 2577 et

355 2597 556 2673 Steph.
587 2608 869 2675 receptam
908 2595 1239 2673 scripturam
1271 2617 1362 2655 sa-

354 2677 433 2735 tis
456 2678 700 2734 firmant.
742 2676 963 2738 Quibus
986 2677 1201 2735 accedit
1220 2680 1364 2735 Era·

355 2759 650 2816 tostheues
680 2763 730 2814 ἐν
754 2758 985 2833 Ἠριγόνῳ
1002 2758 1151 2836 apud
1168 2759 1361 2836 Steph.

356 2838 418 2895 in
460 2837 615 2897 ἄστυ.
684 2836 924 2906 Locum,
959 2848 1019 2895 et
1059 2837 1190 2896 alibi
1229 2858 1364 2915 pro·-

355 2917 706 2977 montorium
740 2929 904 2975 vocat
928 2913 1163 2987 Plinius,
1194 2930 1363 2978 recte.

356 3002 575 3074 Θορικίου
619 3000 789 3074 πέτρου
832 2997 1095 3055 meminit
1141 2999 1365 3075 Sopho·-

357 3080 477 3137 cles
509 3077 710 3155 OEdip.
749 3078 954 3135 Colon.
993 3078 1164 3136 1666.
1204 3083 1364 3137 Gen-

359 3158 486 3217 tilia
504 3163 715 3235 Θορίκιον
734 3158 883 3236 apud
900 3158 1203 3217 Demosth.
1226 3160 1365 3217 Boe-

360 3251 444 3298 ot.
468 3239 608 3315 636.
637 3249 697 3297 et
722 3238 873 3316 apud
903 3239 1099 3316 steph.
1127 3231 1365 3316 Θορικεός.

360 3321 514 3378 Insc.
546 3331 702 3377 vetus
730 3319 880 3396 apud
909 3318 1183 3396 Sponium
1204 3327 1368 3376 KAA-

362 3408 707 3458 AIKPATOT
760 3407 1109 3457 eoplfflor.
1182 3398 1367 3477 Oppi-

363 3482 502 3538 dum
550 3479 722 3538 Melae
775 3475 1123 3559 temporibus
1176 3499 1369 3537 nomen

364 3572 609 3619 tantum.
652 3561 856 3618 WAss.
957 3560 1028 3619 In
1093 3561 1370 3618 Strabone

362 3642 475 3699 IX.
496 3641 633 3716 398.
682 3639 1030 3717 Apollodoro
1055 3642 1130 3698 11.
1151 3658 1208 3715 4.
1237 3655 1290 3715 7.
1314 3651 1373 3699 et

367 3723 609 3778 Conone
651 3739 775 3797 cap.
823 3736 875 3795 7.
924 3732 1011 3778 est
1053 3721 1265 3797 Θόρικος,
1311 3720 1370 3778 in

366 3800 490 3859 aliis
517 3802 726 3876 Θορικὸς,
755 3797 993 3865 ὀξυτόνως.
1041 3800 1208 3858 DUK.

447 3884 687 3957 πρασείων
733 3882 801 3938 Α.
804 3879 1035 3938 B.F.H.
1101 3885 1374 3955 πραστείων

367 3962 448 4019 K.
489 3962 784 4036 προαστείων
814 3980 871 4039 g.
910 3959 966 4017 k.
1008 3965 1222 4036 πρασίων
1261 3984 1372 4038 προ-

365 4066 517 4099 αστει
501 4044 579 4097 ι’ων
606 4041 679 4097 Ο.

448 4120 705 4197 Πρασίων]
744 4119 906 4198 Apud
938 4120 1288 4200 Stephanum
1317 4132 1377 4179 et

366 4199 708 4260 Pausaniam
737 4220 899 4259 casus
920 4212 1103 4259 rectus
1125 4212 1227 4259 est
1236 4209 1374 4277 Πρα-

366 4283 498 4339 esai.
538 4280 686 4339 Vide
710 4278 1026 4340 Meursium
1052 4282 1123 4340 de
1145 4280 1378 4359 Populis

366 4360 544 4426 Attio.
586 4363 754 4421 Dux.

2236 1665 2439 1725 Ἀποκε·

1526 1808 1582 1868 7.
1607 1821 1666 1853 τε
1692 1816 1808 1854 om.
1839 1797 1915 1855 Κ.
1902 1818 1978 1876 .g‚

1518 1878 1807 1950 βουλομένης
1852 1877 1908 1944 d.
1972 1883 2023 1935 ἐν
2074 1881 2225 1951 τάχει
2269 1877 2444 1945 βουλό·

1438 1980 1572 2028 μενοι
1598 1958 1782 2025 βοῆσαι
1814 1958 1882 2016 Β.

1526 2037 1582 2093 8.
1611 2041 1763 2107 αὐτῆς
1794 2036 2305 2101 K-L.O.P.d.e.i.k.

1480 2128 1484 2131 ⁴
1523 2118 1914 2193 ἀποκεκλῃμένης
1937 2117 2116 2176 K.d.i.
2157 2124 2446 2175 ἀποκεκλει-

1442 2196 1598 2269 μένοις
1624 2197 1694 2254 Β.
1735 2199 2152 2273 ἀτοκεκλεισμένη
2179 2200 2245 2256 Α.
2276 2196 2448 2258 ceteri

1443 2279 1899 2351 ἀποκεκλεισμένης.

1525 2357 1714 2428 Εὔβοια
1762 2362 1861 2433 γὰρ
1914 2364 2077 2423 αὐτοῖς
2133 2361 2301 2414 πάντα
2360 2354 2442 2433 ἦν]

1445 2441 1634 2495 Πάντα
1659 2433 1780 2494 εἶναι
1809 2437 1975 2497 alicui
2005 2436 2113 2496 dici
2138 2436 2446 2507 hominem,

1445 2515 1539 2594 qui
1582 2517 1640 2575 in
1683 2537 1905 2576 summo
1940 2519 2173 2586 honore,
2204 2517 2448 2576 auctori-

1446 2608 1582 2664 tate,
1628 2608 1687 2655 et
1726 2597 2137 2656 existimatione
2164 2597 2314 2675 apud
2342 2596 2448 2654 ali-

1446 2696 1615 2754 quem
1654 2689 1759 2745 est,
1791 2677 1888 2756 qui
1925 2677 2115 2736 omnia
2158 2679 2308 2756 apud
2346 2676 2451 2735 ali-

1445 2776 1613 2834 quem
1657 2769 1863 2835 potest,
1895 2777 1928 2815 a
1963 2778 2076 2836 quo
2118 2757 2313 2815 omnia
2351 2776 2451 2816 ex-

1447 2849 1682 2915 spectat,
1729 2850 1788 2895 et
1826 2837 1885 2896 in
1927 2858 2042 2931 quo
2081 2858 2283 2896 omnes
2323 2857 2452 2898 suas

1447 2937 1576 2996 spes
1631 2937 1877 2997 opesque
1926 2919 2061 2979 sitas
2105 2938 2228 2979 esse
2271 2929 2452 2996 putat,

1448 2997 1640 3056 multis
1695 2999 2064 3059 ostenderunt
2111 3001 2455 3091 Interpretes

1446 3076 1653 3135 Velleii
1682 3079 1752 3135 ad
1785 3097 1838 3147 2,
1875 3098 2007 3155 103.
2035 3091 2093 3137 et
2121 3077 2372 3140 Petronii
2400 3098 2451 3136 c.

1448 3174 1545 3235 37.
1619 3158 1754 3227 Hic,
1785 3157 1880 3217 ubi
1918 3179 2035 3216 non
2071 3160 2264 3227 home,
2293 3171 2360 3216 ut
2385 3178 2452 3216 o-

1447 3238 1673 3296 mnibus
1717 3238 1873 3308 locis‚
1919 3258 2044 3317 quae
2088 3238 2169 3296 ini
2212 3258 2452 3318 conges-

1450 3330 1665 3385 serunt,
1689 3319 1786 3376 sed
1815 3339 1920 3386 res,
1945 3317 2214 3377 nimirum
2236 3320 2457 3378 Euboea

1450 3397 1652 3467 insula,
1683 3399 2123 3458 Atheniensibus
2156 3404 2329 3457 coium
2365 3399 2454 3457 fu-

1450 3479 1561 3537 isse
1614 3478 1832 3547 dicitur,
1891 3479 2107 3558 phrasis
2162 3480 2284 3537 haeo
2340 3498 2456 3537 non

1452 3571 1643 3637 potest
1708 3560 1916 3618 habere
1990 3558 2457 3652 significationem

1453 3639 1802 3698 auctoritatis
1830 3651 1889 3698 et
1925 3637 2371 3707 existimationis,
2400 3650 2459 3706 et

1451 3720 1810 3798 Thucydides
1864 3721 1972 3780 hoc
2027 3731 2249 3784 tantum
2300 3715 2456 3784 dicit.

1457 3799 1827 3858 Athenienses
1889 3818 2118 3857 omnem
2181 3819 2339 3878 spem
2400 3810 2461 3860 et

1454 3879 1774 3958 praesidium
1819 3879 1878 3941 in
1913 3881 2134 3938 Euboea
2160 3879 2281 3938 sola
2305 3877 2458 3972 posi-

1456 3974 1579 4027 tum
1607 3959 1888 4029 habuisse,
1918 3972 2086 4038 atque
2112 3958 2239 4018 ideo
2268 3957 2462 4018 omnia

1457 4039 1563 4099 sibi
1603 4052 1963 4119 postputasse
1999 4060 2114 4117 prae
2152 4060 2284 4100 cura
2310 4038 2459 4097 illius

1456 4120 1822 4179 defendendae
1876 4132 1937 4179 et
1986 4117 2308 4179 servandae(
2371 4121 2463 4177 Ita

1456 4201 1605 4259 bene
1638 4202 1980 4279 Stephanus
2028 4200 2087 4258 in
2134 4201 2305 4262 Thes.
2367 4199 2462 4257 Sic

1459 4282 1790 4340 Herodotus
1831 4296 1886 4355 7,
1923 4281 2053 4356 156.
2096 4280 2305 4350 scribit,
2327 4280 2459 4345 “Ge-

1454 4360 1576 4421 loni
1613 4364 1914 4441 Syracusas
1947 4361 2155 4421 ἅπαντα
2182 4358 2374 4429 fuisse,
2404 4358 2460 4425 id

1586 4460 1791 4548 ΤΞ,

2457 1356 2615 1397 naves,
2640 1354 2753 1401 quas

2456 1410 2694 1467 poterant,

2458 1469 2722 1518 Athenien·-
