3109 4909
701 348 829 415 302
1477 326 2036 389 ΘΟΥΚΤΔῙΔΟΤ

373 520 604 580 ιοῃὶω
701 502 1019 594 vernia-iot
1073 502 1156 580 ἐκ
1207 497 1325 593 ἧς
1366 491 1658 593 Ἀβῦὃου
1716 499 1828 577 ἐπὶ
1882 495 1991 576 τὶν
2021 497 2444 584 'masagam
2487 502 2607 575 itai
2669 481 2803 576 τᾶἷν

374 590 666 697 mex
703 625 1024 736 σφετέρων
1056 626 1200 707 nez»
1241 626 1363 706 τὸν
1399 624 1870 731 αἰχμωλῶτων
1905 623 2061 704 ’ὅσ-σω
2116 617 2283 717 ἦσαν
2319 628 2529 724 ὑγιεῖς
2564 623 2802 727 ἐκομί-

376 720 519 777 gunt‘
549 716 687 789 ΨΟ.
1028 751 1059 780 Χ
1168 748 1240 834 δὲ
1306 752 1344 781 a!
1574 758 1591 780 2
1833 749 1859 781 l
2174 746 2204 772 Ι
2641 755 2663 784 ἵ
2735 752 2754 770 ’

375 794 609 889 pom
698 790 929 845 cam,
980 791 1114 839 ταις
1200 865 1205 870 Ι
1292 774 1539 838 amq
1599 770 1982 831 Ελιιιουστοι
2024 784 2479 831 manave-as.
2543 786 2666 830 nou
2725 785 2799 833 ες

371 858 608 985 ἔξω
702 879 809 975 τὶν
844 881 1133 976 Εὔβοιαν
1180 872 1632 989 ἀπέπεμψαν
1665 876 2087 986 Ἱπποκράτη
2124 883 2245 958 καὶ
2280 874 2627 958 Ἐπικλεῇ
2680 914 2802 957 κο·-

375 978 642 1097 ἷζε»
701 1012 1014 1117 pardinas·
1047 1006 1181 1094 τοὶς·
1208 1005 1439 1087 ἐκεῖθεν
1474 1010 1651 1092 νοιῧς.
2816 1035 2853 1097 5

375 1107 476 1147 tem
499 1107 549 1147 et
572 1103 686 1162 Ep·-

374 1168 519 1222 dem,
541 1167 624 1226 qni
1158 1172 1221 1227 4.
1245 1152 1602 1227 ’Asin-epulan]
1647 1157 1691 1209 σέ
1718 1152 2086 1222 nemu-nictu
2112 1152 2346 1222 δηλυᾶτι.

378 1232 491 1277 inde
513 1245 655 1277 naves

374 1297 629 1343 adnant.
705 1273 838 1333 sius.
920 1275 1142 1352 Agmen
1169 1291 1297 1350 cogi

1278 1270 1325 1328 ’t
1348 1269 1706 1328 Mnesitheus

705 1353 969 1413 Oribasio
992 1352 1249 1410 laudatus
1270 1352 1375 1408 lv.
1402 1369 1450 1407 1.
1505 1353 1706 1407 Gram-

704 1438 963 1493 maticam
990 1431 1268 1490 factitavit
1294 1430 1605 1510 Diogenes,
1628 1430 1705 1488 si-

702 1535 771 1574 ve
796 1514 1208 1593 Diogenianus,
1237 1517 1396 1591 cujus
1438 1511 1581 1569 liber
1602 1513 1708 1587 περὶ

700 1604 799 1653 τῶν
826 1602 877 1652 ἐν
902 1602 1002 1660 τοῖς
1025 1596 1236 1665 βιβλίοις
1273 1595 1490 1666 Σημείων
1516 1611 1551 1649 a
1580 1590 1707 1648 Sui-

705 1676 799 1742 da,
844 1673 1065 1751 aliaque
1106 1674 1357 1751 ejusdem
1397 1670 1710 1749 disciplinae

704 1756 1077 1813 adducuntur.
1118 1754 1206 1811 Ad
1234 1764 1483 1811 oratores
1508 1754 1705 1810 Nean-

703 1836 843 1894 then
869 1834 1103 1892 Philisci
1130 1832 1346 1891 Milesii
1372 1831 1709 1910 discipulum

703 1927 973 1995 aggregat
1027 1914 1177 1972 idem
1230 1912 1708 1992 Lexicographus.

698 1997 784 2055 Et
828 2008 1046 2074 partem
1094 1994 1338 2071 aliquam
1378 1992 1526 2067 juris
1575 1993 1707 2051 illu·

702 2088 846 2135 strat
865 2074 1141 2134 Demetrii
1170 2073 1415 2153 Syncelli
1430 2074 1619 2149 μελέτη
1637 2072 1709 2132 de

702 2155 1169 2216 consobrinorum
1196 2153 1464 2233 Nuptiis:
1502 2151 1578 2213 ea
1601 2154 1705 2212 ho·

703 2235 796 2295 die
822 2248 1005 2295 exstat
1027 2235 1370 2294 Exercitatio
1411 2235 1564 2314 apud
1590 2235 1705 2293 Le-

703 2316 1023 2375 ·unclaviurn
1055 2317 1126 2375 de
1150 2318 1290 2375 Jure
1317 2317 1421 2374 Gr.
1450 2328 1509 2373 et
1528 2316 1705 2374 Rom.

703 2398 865 2457 Inter
882 2396 1178 2476 scriptores
1195 2396 1567 2463 Christiano&
1584 2396 1705 2453 Eu-

704 2477 950 2546 nomius,
987 2490 1183 2536 auctor
1210 2478 1389 2535 Sectae
1419 2480 1704 2534 Anomoeo-

702 2578 845 2626 rum,
875 2557 1066 2637 magni
1104 2557 1251 2617 inter
1277 2577 1409 2616 suos
1437 2556 1705 2626 nominis,

703 2637 896 2717 Cyzici
940 2638 1279 2717 EpiscopuS,
1316 2637 1532 2696 Eleusii
1578 2657 1706 2696 suc-

702 2739 911 2786 cessor,
941 2718 1414 2776 annumerandus.
1483 2719 1577 2775 De
1607 2717 1708 2776 illo

703 2799 830 2877 lege
852 2797 1241 2875 Nicephorum
1271 2800 1380 2856 IX.
1403 2799 1502 2872 46.
1559 2798 1705 2857 Hie-

704 2898 1003 2956 ronymum
1053 2878 1125 2937 de
1172 2878 1376 2956 Script.
1421 2878 1705 2937 Ecclesia-

701 2958 862 3017 sticis
896 2978 1028 3032 120.
1090 2959 1498 3037 Apollodorum
1534 2958 1707 3017 etiam

700 3060 850 3117 saepe
905 3036 1310 3119 Imperatorem
1379 3040 1709 3119 delegerunt

702 3119 1095 3179 Athenienses.
1138 3120 1304 3179 Plato
1333 3140 1387 3197 p.
1411 3121 1548 3195 368.
1589 3119 1708 3179 Hic

701 3198 879 3272 etiam-
904 3202 1155 3276 Synodus
1192 3200 1388 3259 habita
1424 3212 1513 3259 est
1537 3203 1709 3260 Anno

703 3280 1007 3337 CCCCLI.
1067 3283 1270 3338 Exstat
1294 3280 1707 3361 Episcoporum

702 3358 776 3417 ad
820 3360 1079 3418 Leonem
1126 3360 1389 3439 Epistola
1433 3373 1575 3420 tom.
1625 3364 1705 3420 Il.

703 3439 926 3498 Concil.
980 3441 1058 3498 R.
1110 3441 1177 3498 P.
1234 3440 1517 3499 Harduini
1587 3442 1707 3501 Viri

699 3519 1052 3579 Doctissimi.
1117 3522 1157 3578 J
1160 3519 1426 3579 ustiniani
1452 3534 1708 3601 tempore

699 3600 1054 3680 Episcopum
1081 3601 1365 3679 quendam
1393 3602 1705 3661 Eusebium

690 3678 935 3754 juvenes
964 3680 1229 3761 Cyziceni
1268 3681 1329 3739 in
1371 3682 1521 3741 Foro
1562 3702 1703 3741 con-

699 3760 1066 3820 trucidarunt.
1116 3782 1168 3820 v.
1195 3763 1436 3841 Procop.
1465 3762 1704 3822 Persicis

699 3842 750 3898 1.
785 3857 878 3917 25.
950 3843 1243 3901 Socratem
1288 3842 1441 3900 Hist.
1480 3844 1701 3902 Eccles.

700 3921 806 3978 IV.
836 3921 894 3989 6,
921 3937 975 3996 7.
1016 3921 1323 4001 Evagrium
1348 3923 1430 3980 11.
1466 3926 1557 3981 18.
1629 3925 1700 3982 In

701 4000 974 4077 Epistolis
1027 4002 1218 4060 Photii
1271 4002 1701 4080 Amphilochius

699 4079 1089 4158 Metropolim,
1118 4102 1151 4140 a
1176 4082 1433 4141 Maximo
1447 4085 1701 4143 Joannes

699 4159 1181 4238 Archiepiscopus,
1210 4162 1300 4221 cui
1337 4183 1441 4221 sua
1473 4163 1531 4221 in
1577 4166 1701 4223 Na-

696 4238 1033 4303 zianzenum
1055 4242 1281 4300 Scholia
1296 4244 1526 4312 dicarat,
1542 4264 1703 4303 com-

700 4333 1103 4378 memorantur.
1153 4323 1242 4380 Ab
1272 4324 1615 4383 Leunclavio
1644 4324 1701 4383 in

1786 1289 1957 1347 opere
1983 1268 2305 1348 supradicto
2327 1267 2544 1327 mentio
2563 1269 2629 1326 fit
2651 1269 2796 1326 Pro-

1786 1349 1862 1408 cli
1885 1350 2051 1418 illius,
2073 1349 2168 1427 qui
2196 1361 2394 1428 postea
2414 1349 2486 1407 ad
2504 1352 2796 1406 Constan-

1786 1429 2055 1508 tinopolis
2081 1431 2274 1489 sedem
2294 1442 2521 1488 evectus
2541 1441 2647 1487 est.
2692 1430 2797 1487 ln-

1787 1510 1944 1588 spioe
1960 1512 2369 1589 Theophanem
2392 1531 2450 1588 p.
2473 1525 2571 1586 75.
2596 1511 2797 1568 Theo·

1787 1592 1910 1649 dori
1935 1591 2318 1669 Metropolitae
2340 1590 2628 1648 Sermonis
2650 1588 2708 1647 in
2732 1591 2798 1646 S.

1785 1671 2040 1729 Blasium
2096 1671 2357 1729 meminit
2397 1671 2641 1729 Allatius
2691 1670 2794 1727 lib.

1787 1752 1859 1811 de
1914 1751 2271 1810 Simeonibus
2323 1773 2381 1831 p.
2437 1753 2535 1825 84.
2617 1753 2798 1807 Anno

1790 1832 2001 1891 Christi
2061 1833 2237 1908 1346.
2318 1830 2663 1890 Athanasius
2718 1832 2796 1888 ad

1787 1917 2014 1972 Annam
2082 1912 2504 1991 Imperatricem
2573 1911 2797 1990 scripsit

1787 2008 1986 2053 contra
2000 1995 2281 2053 Calecam.
2302 1992 2631 2052 Demetrius
2648 1995 2796 2070 Syn-

1787 2075 1963 2134 cellus
2017 2074 2205 2134 medio
2251 2094 2379 2133 saec.
2429 2095 2511 2133 11.
2562 2085 2795 2133 auctore

1787 2156 2048 2215 Cedreno
2089 2155 2310 2213 floruit:
2368 2153 2607 2233 Niphon
2657 2154 2792 2212 Me-

1788 2236 2070 2317 tropolita,
2088 2249 2286 2315 postea
2299 2235 2623 2294 Patriarcha
2635 2237 2792 2292 Con-

1786 2316 2094 2395 stantinop.
2115 2315 2433 2375 Ecclesiam
2452 2315 2794 2395 Cyzicenam

1786 2398 1944 2457 rexit.
1987 2417 2040 2455 v.
2076 2396 2324 2476 Niceph.
2353 2399 2528 2475 Greg.
2565 2398 2703 2453 Vll.
2732 2415 2793 2472 9.

1752 2480 1952 2558 ·Apud
1996 2479 2408 2562 Theophanegn
2456 2497 2515 2555 p.
2554 2497 2691 2552 240.
2735 2490 2794 2535 et

1794 2579 1926 2619 120.
2003 2558 2363 2617 inveniuntur
2447 2560 2789 2625 Germanus,

1787 2653 1987 2719 postea
2047 2639 2484 2716 Constantinop.
2552 2639 2664 2717 Ep.
2733 2651 2792 2697 et

1788 2722 2126 2799 Stephanus.
2209 2718 2324 2778 His
2351 2719 2707 2777 Dalmatiam
2734 2731 2794 2777 et

1785 2799 2081 2860 Eleusium
2136 2811 2397 2859 accenset
2449 2820 2506 2878 p.
2550 2815 2647 2876 75.
2692 2816 2790 2876 47.

1788 2883 2084 2940 Postremo
2145 2881 2447 2940 Danielem
2516 2891 2794 2939 memorat

1786 2961 2146 3040 Nicephorus
2174 2964 2475 3041 Gregoras.
2543 2963 2792 3019 Exstant

1788 3042 2044 3101 Aristidis
2109 3042 2290 3100 oratio
2357 3041 2418 3099 in
2467 3043 2789 3100 Eteoneum

1788 3124 2039 3181 nobilem
2061 3122 2420 3201 Cyzicenum,
2442 3134 2501 3180 et
2517 3123 2787 3180 Theodo-

1789 3204 1836 3262 ri
1856 3202 2097 3263 Studitae
2122 3203 2361 3281 epistola
2385 3203 2455 3260 ad
2480 3202 2789 3280 Cyzicenos

1786 3283 1937 3343 lectu
1964 3283 2308 3364 dignissima.
2369 3284 2497 3342 Nec
2523 3282 2790 3358 injucun-

1787 3365 1861 3422 da
1886 3385 2062 3423 coenae
2104 3363 2422 3441 descriptio,
2451 3384 2622 3442 quam
2651 3383 2787 3422 con-

1788 3444 1922 3503 vivis
1948 3443 2203 3503 exhibuit
2230 3446 2413 3503 Cebes
2440 3445 2592 3521 apud
2613 3446 2786 3502 Athe·

1788 3546 1993 3584 naeum.
2077 3526 2223 3583 Haec
2250 3525 2324 3583 de
2346 3524 2562 3603 Cyzico
2590 3537 2652 3582 et
2672 3523 2786 3599 ejus

1785 3604 1998 3665 civibus
2019 3617 2222 3685 praeter
2235 3604 2560 3663 institutum
2578 3605 2780 3663 fiisius:

1787 3686 1886 3745 sed
1932 3687 2005 3745 de
2046 3698 2208 3745 tanta
2244 3687 2403 3744 Urbe
2447 3698 2700 3765 praestat,
2727 3697 2787 3742 ut

1783 3766 1863 3825 ait
1907 3765 2023 3835 ille,
2050 3770 2226 3835 silere,
2254 3786 2425 3844 quam
2459 3786 2667 3843 parum
2701 3765 2783 3824 di-

1782 3867 1927 3906 cere.
1967 3848 2172 3907 Wass,

1871 3947 1921 3985 1.
1938 3928 2047 4002 τῆς]
2078 3935 2165 3985 τοῦ
2191 3949 2249 4007 g.
2623 4005 2637 4020 ⁶

1868 4027 1920 4066 2.
1948 4016 2045 4065 τῦν
2069 4021 2203 4066 ante
2229 4014 2453 4083 αι’χιιαλ.
2483 4027 2658 4064 om.1.
2699 4008 2780 4064 καὶ

1781 4094 1877 4145 τῢν
1900 4087 2185 4147 Reiskius.

1862 4186 1921 4241 4.
1950 4172 2215 4246 ἶποκρᾶτη
2239 4168 2395 4227 F.H.
2438 4167 2610 4227 ceteri
2639 4172 2773 4224 ἵππο-

1782 4252 1981 4324 κράτην.
