3109 4909
928 351 1424 422 ΞΤΓΓΡΑΦΗΣ
1466 341 1552 419 o‘.
1613 345 1945 439 vl11.30.

379 539 384 542 ’
479 525 607 605 To&
667 518 737 604 d*
773 526 970 606 ωὑτὸῧ
1020 525 1345 633 χειμῶνος
1397 529 1536 612 τοῖς·
1584 526 1643 605 ἓν
1695 534 1771 640 τῇ
1818 523 2041 633 Σάμῳ
2075 519 2451 618 Ἀθήνῶῖοις,
2470 595 2572 640 Ath

410 646 426 655 ·
1090 651 1120 678 x

368 717 579 769 ceteras
616 725 799 778 naver,
832 729 949 784 quae
988 709 1212 768 classem
1253 711 1371 768 La-

370 794 816 849 cerimoniarum
849 791 1173 867 efficiebant,
1211 794 1371 865 quin-

567 874 803 947 amplius
894 874 1372 947 computabantur,

369 889 515 1014 ἔξω
551 970 671 1010 non
705 950 914 1020 minus,
942 971 1110 1029 quam
1138 952 1369 1030 Thucy-

368 1031 515 1091 didis
568 1031 748 1109 ipsius
801 1033 985 1102 verba,
1033 1033 1275 1091 obscura
1313 1043 1373 1090 et

370 1112 635 1172 intricata
660 1123 811 1171 sunt.
855 1114 944 1170 Ea
1004 1111 1252 1171 uomodo
1274 1132 1371 1172 ex-

369 1191 551 1272 pediri
602 1193 863 1261 debeant,
912 1211 991 1250 mi
1032 1191 1052 1250 i
1117 1193 1372 1253 nondum

370 1272 506 1334 satis
534 1273 730 1351 liquet.
772 1275 928 1332 Nam
957 1293 1074 1331 non
1094 1272 1372 1353 intelligo,

370 1375 493 1493 ξὲἑς
523 1354 1373 1513 ἒὲῗοῗέζὲεεῗξὼζῖζῖῃῖεἰῐ

369 1514 532 1596 ginta
540 1514 792 1594 quinque
800 1514 1025 1574 navium
1037 1514 1384 1583 fuisse,dixe-

372 1595 465 1664 rit,
477 1613 630 1654 nunc
646 1601 953 1674 praetereas
969 1594 1375 1673 quinque,qua-

271 1701 280 1712 «
372 1675 423 1734 si
476 1676 807 1754 praecipuas,
840 1688 1134 1744 memoret,
1170 1694 1378 1753 easque

369 1776 406 1815 e
442 1775 679 1815 numero
717 1755 940 1815 illarum
966 1755 1379 1834 quinquaginta

370 1834 621 1914 quinque
640 1836 932 1895 excludere
945 1835 1214 1895 videatur.
1236 1833 1376 1895 Non

371 1915 587 1985 dubito,
604 1916 740 1995 quin
761 1928 1056 1995 corruptus
1083 1915 1158 1974 sit
1182 1916 1369 1975 locus:

369 1998 490 2065 sed,
514 2017 627 2075 qua
644 1996 705 2055 in
733 2008 893 2076 parte
919 1996 1116 2055 vitium
1144 1997 1371 2067 haereat,

369 2089 491 2135 non
539 2095 644 2155 pro
679 2089 833 2135 certo
875 2095 1107 2156 possum
1155 2076 1372 2134 consti-

369 2168 546 2221 tuere.
587 2157 825 2216 Interim
842 2157 1111 2235 suspicor,
1125 2156 1377 2235 quinque

365 2238 472 2298 has
501 2256 668 2297 naves
694 2237 825 2296 ideo
852 2238 1373 2317 praecipuememo-

366 2317 499 2387 rari,
525 2318 682 2396 quod
715 2337 751 2376 a
768 2317 1219 2377 Isacedoemoniis
1259 2317 1374 2397 pri-

366 2415 529 2457 mum
556 2410 782 2457 tantum
808 2398 1060 2478 quinque
1103 2418 1270 2458 naves
1303 2399 1376 2458 ad

323 2494 330 2498 ·
367 2478 549 2536 Chios
599 2477 943 2555 adjuvandos
985 2478 1273 2537 instructae
1315 2498 1375 2537 e-

368 2570 518 2628 rant,
541 2571 602 2619 et
619 2558 1069 2622 cumChalcideo
1089 2573 1260 2638 atque
1272 2559 1375 2618 Al·-

367 2638 589 2699 cibiade
616 2639 824 2698 Chium
851 2652 1140 2708 venerant,
1180 2651 1247 2698 ut
1289 2650 1377 2698 est

366 2727 496 2798 cap.
521 2717 579 2778 6.
603 2721 660 2778 8.
690 2737 781 2780 11.
804 2731 865 2779 et
898 2739 990 2780 12.
1033 2721 1088 2778 E
1114 2717 1376 2779 Palmerii

367 2798 711 2874 conjecturis
728 2811 920 2860 autem
935 2800 1178 2861 maxime
1195 2801 1375 2879 probo

369 2881 712 2951 secundam3
758 2900 864 2939 nec
902 2881 1072 2960 plane
1096 2900 1227 2939 vero
1253 2880 1372 2939 dis-

369 2959 559 3019 simile
586 2980 726 3029 esse,
755 2973 915 3039 puto,
944 2981 1119 3038 quum
1146 2961 1374 3039 Thucy-

370 3038 530 3099 did&
557 3038 885 3119 scripsisset,
902 3048 951 3110 ἐς
973 3045 1073 3119 γὰρ
1098 3042 1244 3100 πέντε
1262 3045 1375 3108 ναῦς

368 3124 488 3197 τρία
510 3125 752 3179 τάλαντα
777 3125 935 3180 ἐδίδου
969 3130 1054 3179 τοῦ
1077 3123 1237 3195 μηνὸς,
1266 3120 1371 3178 ali-

371 3219 562 3277 quem,
592 3200 691 3279 qui
718 3220 844 3280 cap.
870 3201 964 3261 26.
994 3199 1373 3281 quinquagin-

367 3291 432 3338 ta
457 3281 710 3358 quinque
734 3299 902 3340 naves
925 3280 1369 3360 Peloponnesio-

368 3380 496 3418 rum
536 3360 725 3431 fuisse,
752 3362 983 3441 legerat,
1013 3361 1073 3419 in
1117 3361 1371 3437 margine

366 3440 728 3518 adscripsisse
764 3443 852 3499 καὶ
889 3444 1212 3511 πεντήκοντα*
1246 3462 1370 3519 quae

367 3520 612 3597 suspicio
664 3521 836 3579 etiam
887 3520 1145 3579 nonnihil
1191 3541 1260 3579 ex
1299 3539 1369 3579 eo

366 3601 750 3670 confirmatur,
811 3601 965 3678 quod
1012 3601 1369 3679 Thucydides

366 3679 484 3738 fere
504 3678 734 3773 ubique,
757 3694 816 3740 et
836 3682 923 3739 vel
950 3700 1066 3739 uno
1087 3682 1199 3739 hoc
1224 3682 1369 3740 libro
1389 3718 1396 3724 ·

365 3760 494 3837 plus
514 3760 717 3830 demea,
746 3780 957 3819 nomen
985 3768 1099 3829 ναῦς
1125 3771 1258 3820 ante
1282 3762 1369 3821 vel

367 3851 501 3917 post
526 3839 761 3899 nomina
787 3860 1171 3909 numerorum,
1190 3842 1368 3900 raris-

368 3918 511 3979 sime
530 3932 721 3980 autem
748 3921 896 3981 inter
920 3941 989 3981 ea
1015 3920 1370 3998 ponit.·Haec

367 3998 419 4057 si
473 3999 804 4060 admittatur
822 4025 848 4060 ε·
888 4001 1001 4060 1οοί
1026 4066 1029 4069 ,
1054 4000 1371 4060 difficillimi

367 4079 461 4139 hic
509 4099 708 4140 sensus
749 4101 872 4141 esse
912 4092 1104 4161 potest
1121 4104 1138 4139 ε
1180 4081 1373 4140 Tissa-

368 4159 664 4237 phernem,
733 4181 910 4240 quum
987 4160 1372 4231 intellexisset,

369 4260 489 4298 non
537 4241 745 4319 plures,
776 4262 945 4320 quam
979 4243 1245 4321 quinque,
1270 4264 1374 4301 na-

367 4338 464 4378 ves
508 4319 707 4399 parari,
747 4321 1053 4382 faciliorem
1099 4322 1271 4383 fuisse
1317 4323 1376 4380 in

2337 349 2454 417 181

1453 705 1722 770 drachma
1743 708 1944 767 diurna
1972 728 2090 768 non
2127 720 2349 767 tantum
2394 706 2454 768 in

1450 791 1574 858 has,
1620 790 1723 849 sed
1775 789 1949 850 etiam
2001 790 2061 849 in
2114 788 2268 858 alias,
2314 805 2454 865 quas

1451 884 1654 949 praeter
1674 870 1797 930 illas
1825 869 2050 929 missuri
2070 881 2262 928 essent
2283 869 2452 927 Pelo-

1451 949 1745 1029 ponnesii,
1800 950 2216 1030 promittenda3
2300 947 2454 1026 quod

1451 1051 1572 1090 uon
1606 1042 1848 1110 putaret,
1892 1032 2196 1090 admodum
2245 1029 2454 1088 multas
2562 1093 2567 1100 ‚

1453 1111 1689 1171 missum
1721 1110 1809 1169 iri.
1895 1112 2025 1180 Sed,
2048 1132 2225 1189 quum
2250 1108 2455 1169 'deinde

1455 1195 1724 1251 numerus
1745 1190 1967 1252 illarum
1990 1192 2060 1249 ad
2081 1189 2454 1269 quinquagin-

2579 533 2679 590 30.

2573 596 2735 644 enien-

1454 1286 1515 1331 ta
1540 1272 1795 1351 quinque
1817 1283 2015 1331 auctus
2040 1272 2254 1339 finisset,
2327 1269 2458 1328 rimi
2565 1343 2571 1349 ι

1454 1353 1681 1431 quidem
1713 1353 1922 1411 mensis
1942 1352 2223 1431 integrum
2241 1363 2295 1410 st
2314 1370 2456 1429 pen-

1458 1434 1638 1502 dium,
1655 1433 1711 1491 id
1740 1441 1844 1502 est,
1863 1434 2188 1492 drachmam
2216 1429 2460 1510 promis·

1458 1534 1599 1583 sam,
1621 1513 1888 1573 omnibus
1909 1512 2166 1583 solvisse3
2199 1512 2317 1579 sed,
2336 1531 2459 1569 ma-

1456 1592 1755 1675 gnitudine
1796 1606 2018 1652 sumtus
2053 1590 2400 1661 deterritum,
2429 1611 2463 1650 a

1458 1674 1651 1754 priore
1672 1686 1840 1752 pacto
1866 1675 2141 1742 recedere,
2169 1685 2228 1731 et
2257 1670 2318 1730 in
2362 1690 2459 1730 ce-

1459 1766 1610 1828 teros
1654 1774 1877 1814 menses
1944 1767 2012 1813 'ro
2038 1755 2306 1812 drachma
2332 1765 2462 1810 tan-

1457 1847 1582 1893 tum
1635 1847 1749 1895 tres
1792 1836 1904 1893 obo
1927 1854 1993 1893 os
2037 1835 2170 1893 dare
2200 1833 2460 1891 voluisse.

1456 1917 1692 1985 Verum,
1726 1913 2164 1974 reclamantibus
2190 1914 2463 1978 Laeedae-ssr

1457 1995 1683 2065 moniiS,
1704 1996 1763 2054 in
1792 1994 2100 2075 primisque
2118 1996 2462 2054 Hermocra-

1456 2083 1516 2136 te
1536 2079 1905 2156 Syracusano,
1933 2075 2141 2134 deinde
2183 2073 2334 2133 aliud
2372 2073 2460 2132 in-

1457 2168 1543 2216 ter
1570 2176 1668 2217 eos
1711 2168 1942 2236 pactum
1970 2155 2177 2236 initum
2205 2154 2401 2222 fuisse,
2426 2173 2461 2213 e

1454 2257 1588 2315 quc,
1612 2250 1815 2316 praeter
1840 2236 2089 2315 quinque
2116 2231 2241 2296 illas
2268 2249 2456 2303 naveS,

1454 2327 1691 2398 quarum
1746 2317 2029 2411 proeeipua
2074 2315 2260 2393 aliqua
2314 2315 2460 2374 ratio

1454 2397 1649 2458 habita
1666 2397 1901 2469 videtur,
1914 2393 1974 2456 id
1993 2409 2100 2466 est,
2119 2408 2321 2476 praeter
2336 2415 2453 2465 eos,

1457 2478 1553 2556 qui
1611 2473 1699 2536 his
1746 2478 2114 2547 vehebantur,
2171 2474 2341 2535 etiam
2396 2496 2462 2534 o-

1456 2579 1639 2629 mnes,
1656 2558 1754 2635 qui
1781 2558 1843 2616 in
1866 2557 1990 2617 aliis
2019 2556 2252 2616 navibus
2280 2567 2461 2625 erant,

1457 2659 1578 2697 non
1659 2637 1887 2716 quidem
1966 2637 2248 2713 integram
2329 2638 2457 2695 dra-

1455 2722 1703 2789 chmam,
1732 2719 1831 2777 sed
1872 2730 2065 2777 tamen
2109 2717 2258 2796 pluS,
2289 2735 2460 2795 quam

1455 2812 1649 2859 ternos
1681 2799 1742 2857 in
1789 2798 1942 2858 diem
1990 2798 2207 2866 obolos,
2237 2796 2473 2875 accipe-¹

1455 2893 1601 2941 rent.
1662 2879 1817 2937 Nam
1845 2879 2096 2957 quinque
2111 2876 2200 2937 his
2224 2878 2459 2936 navibus

1455 2961 1564 3019 tria
1602 2960 1662 3017 in
1705 2978 1957 3017 mensem
1998 2959 2231 3026 talenta,
2259 2978 2384 3035 quae
2425 2978 2459 3016 e

1452 3041 1638 3119 priore
1673 3051 1843 3119 pacto
1886 3038 2048 3118 plura
2073 3039 2368 3106 dabantur,
2397 3045 2457 3095 et

1453 3118 1654 3179 ceteris
1673 3119 2454 3196 omnibus,·quantuscumque

1454 3220 1646 3260 earum
1688 3212 1837 3259 esset
1875 3217 2160 3266 numerus,
2189 3198 2262 3257 ad
2295 3217 2450 3260 eam-

1450 3281 1582 3340 dem
1610 3280 1905 3348 rationem,
1936 3278 1994 3337 id
2020 3290 2128 3347 eet,
2158 3297 2276 3336 non
2302 3278 2450 3356 plus,

1450 3381 1557 3420 nec
1622 3360 1831 3429 minus,
1879 3379 2050 3438 quam
2097 3369 2239 3436 quot
2288 3375 2452 3416 men·
2504 3416 2508 3420 .

1449 3442 1607 3500 sibus
1640 3441 1749 3500 tria
1787 3441 1847 3498 i‘n
1874 3440 2122 3518 quinque
2157 3455 2325 3497 naves
2362 3450 2453 3496 ta-

1447 3522 1606 3580 lenta
1646 3523 1780 3581 data
1823 3519 2014 3602 fuisse.
2100 3519 2245 3576 Hoec
2298 3529 2453 3575 nunc

1450 3613 1540 3660 est
1620 3621 1749 3660 mea
1805 3601 1877 3659 de
1944 3600 2057 3657 hoe'
2120 3598 2250 3656 loco
2322 3617 2451 3655 sen·

1449 3681 1645 3750 tentia,
1689 3700 1878 3759 quam,
1928 3678 1975 3737 si
2030 3676 2155 3756 quis
2219 3676 2456 3735 meliora

1451 3782 1543 3819 me
1600 3759 1844 3829 docebit,
1907 3759 2109 3817 lubens
2177 3756 2451 3815 deseram.

1449 3843 1616 3900 Dux.
2332 3863 2339 3870 ¹

1538 3941 1589 3980 1.
1632 3919 2076 3992 τοῖς-ἀθηναῖοις]
2112 3921 2453 3989 οἴ-ὰθηναῒοι

1534 4089 1645 4148 Τοῖς
1670 4086 1720 4137 ἑν
1745 4086 1809 4156 τῇ
1837 4079 1995 4152 Σάμῳ
2009 4078 2303 4151 Ἀθηναίοις]
2362 4075 2451 4136 Cl.

1454 4169 1496 4221 οἳ
1521 4169 1573 4221 ἐν
1598 4169 1662 4239 τῇ
1691 4164 1845 4234 Σάμῳ
1867 4164 2131 4230 Ἀθηναῖοι·
2168 4156 2456 4235 quomodo

1456 4255 1515 4302 et
1570 4239 1751 4299 Valla.
1807 4240 2019 4297 ·WA88.
2071 4235 2165 4295 'si
2234 4236 2459 4314 vulgata

1458 4322 1732 4400 scriptura
1756 4327 1844 4378 est
1866 4339 1904 4377 a
1929 4316 2284 4397 Thucydide:
2332 4315 2456 4394 pla-

1748 4419 1790 4457 Ν
1814 4417 1847 4474 3
