3109 4909
874 351 1368 422 arrrmcnz
1407 357 1490 419 e.
1549 356 1738 421 vm.
1773 370 1878 441 25.

2326 373 2450 446 1⁷3

352 522 562 635 μάχῃ
589 523 802 639 ‘ratim
839 523 987 618 ταὶς
1032 523 1262 612 Ἴωνας
1309 524 1696 636 αἰμφσῷων
1731 534 1857 609 τῶν
1914 531 2173 638 Δωριῖόν
2212 527 2452 637 »parii-

357 678 511 731 eeu·
569 649 720 738 πός
771 687 860 733 τε.
896 649 1035 759 γιὶρ
1092 648 1288 758 και-τὲ
1333 653 1535 758 τφεῖς
1589 656 2138 758 Rauenna-iove
2177 663 2232 736 οἱ
2263 652 2452 750 Ἀθη-

356 823 644 896 Martialis
683 824 745 884 in
783 823 1232 896 silium‚·'1'ot0s
1267 827 1369 885 dat.

360 910 566 966 tetrice
612 895 736 965 dies
772 907 1063 966 Minervae.
1140 907 1366 987 Vulgati

357 1002 571 1055 tamen,
597 988 751 1046 Urbs
776 989 1036 1066 Ephesus
1055 1008 1164 1063 qua
1193 996 1364 1045 tetrae.

357 1066 581 1136 Triviae,
623 1067 719 1126 hic
758 1068 946 1126 locum
1000 1069 1206 1127 habere
1247 1088 1364 1125 non

357 1160 567 1229 potest,
587 1147 719 1225 quia
740 1168 961 1227 semper
974 1154 1162 1216 ἁπλῶς,
1194 1168 1362 1206 num·

402 1248 531 1286 uam
575 1227 896 1307 adjungitur
942 1227 1063 1287 voci
1111 1226 1360 1296 Dianae;

422 1307 562 1372 trica
598 1328 733 1386 ergo
773 1309 905 1385 quia
944 1308 1150 1387 ilignea
1197 1322 1257 1367 et
1293 1328 1364 1366 ex

361 1389 594 1468 stipite?
637 1389 724 1446 vix
752 1389 1100 1447 crediderim.
1165 1391 1261 1446 An
1289 1389 1366 1447 ob

357 1472 612 1527 humana
663 1461 968 1529 sacrificia?
1011 1469 1108 1526 Id·
1135 1468 1364 1546 quidem

361 1551 568 1620 minus.
647 1550 860 1627 Nescio
914 1570 987 1610 an
1042 1549 1363 1628 Scythica?

361 1643 482 1689 erat
502 1629 653 1688 enim
681 1630 1095 1688 Amazonidum
1119 1649 1359 1698 munus;

361 1712 464 1769 has
503 1710 726 1789 Scythis
767 1710 1100 1769 adnumerat
1119 1708 1362 1787 ·Diony-

363 1792 499 1851 sius.
584 1792 669 1852 Ut
723 1803 786 1849 ut
837 1792 957 1850 haec
1012 1790 1144 1859 sint,
1183 1790 1365 1869 Niger

363 1871 531 1949 'plane
552 1870 780 1929 fallitur.
869 1873 962 1944 Et,
985 1871 1157 1944 Myus
1184 1883 1304 1928 erat
1330 1890 1364 1927 a

360 1951 516 2014 Mari
547 1970 645 2027 30.
692 1949 1108 2018 nfil...remota;
1150 1962 1365 2009 restant

362 2033 646 2093 Heraclea
670 2044 732 2091 et
767 2032 995 2112 Pyrrha.
1080 2030 1363 2089 Posterio-

362 2127 480 2171 rem
511 2114 709 2171 urbem
745 2131 896 2170 nunc
923 2112 1212 2169 Pala-tella
1243 2110 1362 2169 dic-

357 2206 482 2262 tam
495 2204 767 2260 ‚autumat
794 2192 1110 2252 Whelerus.
1195 2194 1365 2260 Certe

363 2273 644 2332 Heraclea
671 2272 757 2331 vel
785 2271 1076 2334 Strabonis
1111 2281 1376 2349 tempore'

364 2366 584 2412 tantum
626 2356 883 2426 πολίχνιον,
913 2351 1110 2410 civitas
1152 2371 1364 2430 nequa-

363 2455 555 2512 quam.
573 2434 843 2512 Pyrrham
873 2452 1027 2514 nunc
1043 2434 1366 2510 Demonage

307 2572 312 2580 ,
351 2509 519 2589 juxta
566 2512 869 2574 Moletium
924 2514 994 2572 L.
1054 2513 1248 2571 Stadia
1291 2514 1363 2571 ab

363 2595 515 2653 ostio
566 2593 846 2653 Maeaudri
899 2594 1028 2652 loco
1092 2593 1364 2673 paludoso

361 2674 529 2754 ponit
556 2676 759 2734 Strabo
782 2675 946 2733 XIV.
977 2695 1031 2753 p.
1063 2673 1200 2752 636.
1269 2674 1365 2731 De

366 2755 752 2833 magnitudine
795 2754 944 2832 apud
981 2753 1249 2832 ,antiquos
1293 2772 1366 2811 ne

363 2838 610 2894 verbum.
634 2833 888 2913 quidni.-
963 2831 1170 2898 Locus.
1203 2834 1362 2913 palu·

366 2917 538 2974 dosus
566 2935 667 2994 pro
699 2905 968 2974 Whelero
995 2914 1147 2973 facit.
1217 2916 1362 2972 Ora-

361 2997 557 3066 culum
586 3015 714 3054 vero
748 2994 1027 3074 Apollinis
1063 2994 1209 3055 inter
1249 2997 1362 3053 Po-

367 3076 570 3136 sidium
598 3096 779 3154 prom.
808 3085 866 3134 et
891 3074 1157 3134 Miletum
1187 3075 1363 3134 collo-

365 3169 464 3216 cat
489 3158 694 3216 Strabo
719 3176 760 3215 a
778 3156 988 3215 Mileto
1021 3176 1191 3220 xvm.
1219 3156 1364 3215 stad.

370 3258 404 3296 a
428 3237 592 3296 litore
618 3258 725 3297 xx.
810 3235 967 3295 Hinc
995 3236 1139 3296 forte
1168 3256 1363 3295 emen·-

368 3316 539 3376 dandi
582 3316 798 3377 numeri
852 3316 1114 3386 Pliniani,
1163 3328 1222 3374 et
1262 3335 1365 3393 pro

359 3399 507 3457 ·180.
535 3393 922 3476 reponendum
945 3416 1125 3462 xvm.
1193 3393 1366 3455 Dicta

369 3491 457 3537 est
483 3479 635 3536 Urbs
661 3477 1013 3564 Milesiprum
1041 3491 1198 3536 vetus
1232 3488 1366 3534 ante

370 3555 721 3616 Cretensium
763 3555 1064 3616 adventum
1115 3561 1364 3632 Λελεῑγηῒς,

369 3639 454 3696 vel
497 3650 562 3696 ut
596 3633 808 3696 h'aben't
846 3636 1132 3696 Eustathii
1168 3651 1363 3696 exem-

369 3715 545 3796 plaria
565 3718 797 3792 Λελεγῖς,
900 3727 1022 3776 ntea
1059 3722 1365 3775 Πιτῦουσσα.

372 3800 566 3877 Steph.
615 3809 675 3856 et
713 3797 789 3855 D·
832 3800 994 3876 ymus
1021 3793 1085 3854 ¹in
1128 3798 1369 3876 Sympo-

370 3877 549 3937 siacoz
596 3878 822 3936 demum
865 3880 939 3937 ab
978 3880 1192 3938 Anacte
1226 3878 1368 3935 Ter-

356 3977 444 4016 -roe
487 3951 898 4038 Coeliquefilio
932 3961 1239 4033 Ἀνακτορίει,
1271 3956 1370 4015 sed

370 4057 484 4115 quo
512 4050 771 4114 ternpore
791 4057 988 4116 pamm
1017 4049 1367 4114 compertum

370 4131 486 4176 est.·
560 4117 842 4176 Phobium
905 4117 982 4176 ibi
1067 4116 1370 4196 imperasse

355 4198 546 4256 ’tradit
587 4195 902 4256 Alexander
936 4198 1187 4256 AEtolus.
1244 4205 1377 4266 Παῖς

335 4347 340 4352 ¹
375 4283 656 4347 Ἱποκλῆος
680 4279 851 4349 Φάβιος
879 4282 1183 4348 Νήληιάδαο.
1250 4277 1372 4335 Re-

380 4358 590 4435 liquam
631 4362 760 4436 ejus‘
800 4357 1089 4417 historiam
1136 4358 1283 4435 pete'
1301 4359 1374 4415 ab

1448 827 1747 887 Herodoto
1816 832 1861 887 I.
1921 843 2013 905 17.
2082 829 2334 907 Ephoro,
2391 839 2451 888 et

1447 907 1752 968 Heraclide
1795 908 2035 968 Pontico
2075 910 2227 988 apud
2276 909 2450 968 Athe-

1447 1008 1633 1046 naeum
1674 990 1816 1047 XII.
1870 1010 1926 1067 p.
1959 1005 2094 1065 523.
2144 988 2450 1047 Parthenio

1451 1069 1611 1126 Erot.
1657 1070 1824 1128 VIII.
1864 1070 1974 1127 IX.
2011 1070 2177 1128 XIV.
2218 1070 2448 1147 XVIII.

1443 1149 1715 1227 Xenoph.
1767 1149 1982 1228 Exped.
2040 1170 2098 1228 p.
2157 1167 2291 1224 244.
2333 1150 2448 1207 Pn-

1443 1229 1463 1286 l
1503 1227 1596 1286 bio
1666 1250 1727 1307 p.
1787 1230 1958 1288 1018.
2012 1243 2206 1305 11172.
2284 1227 2450 1287 Livio

1444 1250 1796 1369 Jixxvm.
1826 1329 1923 1385 39.
2007 1309 2279 1372 Cicerone
2306 1310 2449 1368 Ver-

1447 1389 1555 1448 rin.
1622 1391 1903 1448 Strabone
1938 1390 2102 1448 XIV.
2133 1391 2271 1465 634.
2300 1388 2447 1448 Dio-

1448 1471 1589 1528 doro
1637 1490 1694 1547 p.
1726 1488 1861 1544 301.
1892 1467 2032 1544 388.
2066 1484 2201 1545 573.
2243 1468 2463 1528 Tacito·

1447 1553 1555 1609 An.
1594 1552 1701 1610 1V.
1726 1568 1823 1626 43.
1869 1549 2056 1609 Gellio
2078 1552 2189 1608 XI.
2220 1567 2278 1624 9.
2308 1549 2445 1632 Plu?

1446 1632 1621 1690 tarch.
1666 1632 1738 1688 de
1783 1628 2070 1689 Herodoti
2110 1629 2354 1709 Malign.
2386 1651 2444 1709 p.
2542 1675 2545 1682 .

1446 1712 1543 1770 86.
1594 1710 1859 1789 Polyaeno
1886 1712 1990 1770 VI.
2020 1724 2120 1785 47.
2150 1709 2315 1770 VIII.
2348 1729 2443 1786 23,

1445 1792 1541 1867 36.
1613 1791 1806 1852 Dione
1861 1792 2023 1850 Orat.
2079 1792 2328 1850 XLVII.
2384 1812 2441 1870 p.

1445 1887 1582 1948 517.
1655 1870 1936 1929 Ultimum
1993 1875 2111 1950 ejus
2166 1869 2443 1930 excidium

1444 1951 1550 2012 sub
1601 1952 1928 2010 Otbomane
1980 1947 2239 2030 contigit.
2320 1953 2443 2012 Ex·-

1444 2031 1653 2090 stitisse
1679 2031 1829 2090 enim
1859 2032 1929 2090 ad
1956 2034 2025 2090 A.
2051 2033 2185 2090 Chr.
2215 2047 2350 2110 347.
2375 2052 2445 2091 ex

1448 2111 1717 2171 Conciiiis
1744 2122 1805 2170 et
1852 2110 2073 2170 Hilario
2115 2111 2173 2170 in
2217 2109 2444 2192 Fragm.

1444 2214 1501 2271 p.
1539 2207 1711 2269 1325.
1768 2191 1902 2252 satis
1947 2204 2122 2271 patet.
2207 2193 2345 2251 Post
2387 2191 2446 2252 id

1443 2272 1712 2350 temporis
1750 2272 2125 2351 Episcopatus
2168 2273 2329 2331 sedes
2374 2272 2445 2332 ad

1443 2352 1852 2431 Mylasensium
1895 2354 2089 2412 urbem
2122 2371 2219 2428 30.
2249 2353 2366 2411 mil.
2410 2371 2446 2411 a

1444 2433 1647 2493 Mileto
1674 2432 1975 2492 distantem
2015 2434 2286 2493 translata
2320 2453 2443 2496 esse

1444 2515 1696 2572 videtur.·
1736 2514 1987 2572 Suadent
2010 2512 2159 2572 inter
2178 2512 2287 2574 alia
2312 2514 2441 2572 No·

1447 2594 1588 2652 titiae
1615 2593 1805 2673 Episc.
1833 2593 1893 2651 in
1920 2592 2122 2671 quibus
2150 2592 2444 2653 Provincia

1447 2673 1625 2734 Cariae
1690 2678 1713 2732 ὅ
1781 2679 2072 2734 Μυλάσσων
2124 2673 2441 2753 Episcopus

1447 2767 1668 2813 tantum
1714 2767 2078 2823 memoratur,
2107 2754 2291 2832 Mileti
2322 2774 2440 2812 non

1442 2835 1600 2896 item.
1665 2836 1855 2904 Unde,
1872 2836 1944 2894 de
1963 2834 2309 2896 Notitiarum
2335 2854 2440 2894 ans.-

1443 2914 1703 2994 tiquitate
1744 2913 2082 2974 sententiam
2122 2913 2274 2974 ferre'
2304 2936 2437 2994 pos·

1444 3016 1657 3070 sumus.
1706 2995 1933 3054 Mabias
1958 2995 2268 3056 Othmanis
2297 3013 2439 3073 prae-

1443 3077 1642 3145 fectuS,
1669 3076 1856 3153 inquit
1878 3075 2285 3134 Constantinus
2306 3076 2442 3135 Mav

1444 3173 1658 3224 nasseS,
1713 3158 2021 3235 Ephesum,
2078 3154 2441 3214 Halicarnas-

1421 3258 1593 3306 sum,
1608 3238 1902 3315 Smyrnam
1924 3235 2239 3313 etreliquas
2263 3234 2442 3295 Ionioe

1444 3318 1612 3376 urbes
1653 3321 1947 3392 ἔλυμῄνατο.
2028 3315 2139 3374 His
2175 3328 2234 3374 et
2267 3316 2440 3376 Mile-

1444 3410 1568 3478 tum
1595 3395 1960 3491 adj-unxerim.
2042 3396 2316 3475 Sibyllina
2338 3395 2445 3462 ,illa

1445 3496 1569 3545 nos,
1600 3495 1696 3555 qui
1727 3489 1877 3535 vates
1907 3493 2025 3534 non
2053 3496 2263 3544 sumus,
2292 3475 2444 3542 baud

1446 3557 1582 3616 satis
1610 3556 1985 3634 adsequimur‚
2012 3558 2233 3627 Μίλητον
2256 3557 2441 3633 ὲρυφε-

1445 3640 1526 3714 μὴν
1591 3644 1774 3695 ἀπολεῖ
1815 3636 2031 3713 armeni?
2085 3641 2192 3694 ποτ’
2244 3636 2442 3695 ἄνωθεν.

1447 3717 1631 3776 Recte
1666 3714 1870 3794 ubiqu'e
1909 3715 2169 3774 scribitur
2207 3719 2444 3787 Μίλητος.

1449 3799 1652 3855 Exstat
1687 3810 1877 3855 tamen
1906 3795 2115 3854 numus
2138 3796 2290 3875 apud
2313 3795 2442 3854 Tri-

1449 3889 1595 3935 stan.
1626 3878 1674 3935 1.
1704 3875 1842 3935 600.
1886 3893 2015 3934 cum
2052 3877 2160 3934 hac
2193 3875 2443 3955 Inscrip-

1449 3956 1606 4017 tione
1645 3955 2063 4015 ΜΕΙΛΗΣΙΩΝ.
2105 3956 2286 4016 Aliter
2325 3959 2444 4014 Au·-

1448 4037 1635 4119 gustei
1652 4037 1754 4097 aevi
1780 4036 2158 4097 Numismata.
2224 4038 2429 4097 WAss.

1540 4138 1592 4176 1.
1622 4123 1786 4193 ταύτῃ
1813 4135 1929 4175 om.
1947 4135 2052 4177 c.e.

1532 4198 1874 4276 ἀμφοτέρωθεν
1900 4197 1971 4256 Β.

1487 4279 1494 4286 ’
1534 4284 1699 4355 δωρεῶν
1727 4279 1796 4335 C.
1826 4278 1993 4357 vulgo
2019 4279 2226 4355 θωριέων.

1473 4423 1476 4426 Α
1540 4373 1593 4417 2.
1621 4365 1665 4416 ot
1683 4377 1798 4415 om.
1828 4356 1926 4416 ἀί.
2164 4375 2175 4384 “
