3109 4909
1362 378 1635 432 INDEX
1677 378 2023 434 RERUM.

643 540 747 574 sem
813 527 1021 576 mittunt
1071 525 1415 586 Athenienses,
1481 527 1517 575 i.
1575 538 1687 575 112.

650 591 993 655 AEgyptiorum
1014 591 1098 654 qui
1131 592 1231 640 sint
1258 592 1629 655 pugnacissimi,
1653 592 1688 640 i.

647 668 670 703 1
746 690 758 703 .

578 669 758 770 AEmogs
789 735 934 771 mons
964 721 1206 782 Thraciae,
1229 721 1281 770 ii.
1303 734 1386 785 92.
1406 721 1520 771 vide
1553 722 1689 770 Stra-

641 785 841 843 bonem,
865 787 900 834 l.
922 787 1008 836 vii.

578 850 764 899 AEneas
787 850 960 915 Ocytae
983 852 1051 900 fil.
1072 852 1142 901 ir.
1171 865 1279 915 119.

578 914 808 963 AEnesias
830 916 1018 978 Sparta
1037 917 1265 979 ephorus,
1286 915 1340 963 ii.
1369 929 1412 964 1.

574 979 737 1028 AEnus
765 980 899 1040 urbs,
928 982 995 1031 iv.
1031 983 1108 1031 28.
1141 982 1251 1030 vide
1287 981 1473 1030 Herod.
1493 981 1530 1029 l.
1552 981 1620 1029 iv.
1642 996 1687 1029 c.

642 1044 786 1157 ,⁹5:23-
807 1045 1375 1160 testudinis
1403 1045 1686 1159 ’51ῗὲἶὲ

769 1142 786 1168 ,
1672 1144 1684 1157 .

642 1174 866 1223 Marcell.
920 1176 956 1224 l.
1013 1175 1154 1225 xxiii.
1217 1191 1261 1227 c.
1317 1175 1368 1224 8.
1426 1176 1684 1224 AEnianes.

639 1238 797 1298 AEnii,
822 1239 993 1289 AEoles
1014 1247 1148 1298 sunt,
1183 1240 1269 1290 vii.
1308 1250 1390 1303 57.
1413 1241 1685 1290 Athenien-

640 1301 768 1351 sium
789 1304 1072 1368 vectigales,
1092 1306 1213 1354 ibid.

575 1367 819 1417 AEoladus
840 1369 1086 1433 Pagondae
1108 1377 1265 1432 pater,
1288 1369 1355 1420 iv.
1374 1384 1454 1435 92·

575 1432 758 1491 AEolis,
794 1448 903 1495 quae
942 1442 993 1485 et
1031 1435 1275 1499 Calydon,
1312 1434 1384 1483 iii.
1423 1448 1530 1484 102.
1574 1434 1686 1483 vide

636 1497 872 1548 Palmerii
905 1499 1062 1549 Graec.
1096 1515 1146 1562 p.
1180 1499 1296 1561 438.
1329 1500 1501 1549 AEoles
1536 1500 1686 1549 Athe-

639 1562 886 1612 niensium
919 1563 1203 1627 vectigales‚
1227 1566 1312 1614 vii.
1336 1575 1416 1628 57.
1479 1564 1688 1613 Atheni-

638 1627 840 1677 ensibus
882 1628 935 1676 in
991 1629 1123 1678 bello
1179 1630 1489 1694 Syracusano
1533 1643 1686 1679 naves

640 1693 974 1755 suppeditant,
997 1694 1117 1747 ibid.
1152 1694 1446 1745 Boeotorum
1470 1695 1683 1753 colonis,

636 1755 759 1807 ibid.
827 1757 964 1807 AEoli
984 1758 1179 1820 insulae,
1203 1759 1278 1809 iii.
1305 1773 1415 1824 115.
1436 1760 1546 1810 vide
1565 1759 1682 1809 Clu-

637 1836 739 1870 ver.
775 1823 872 1872 Sic.
896 1838 945 1885 p.
971 1835 1088 1902 395.

571 1885 824 1937 AErarium
844 1888 1221 1938 Atheniensium
1242 1889 1346 1949 ubi,
1371 1890 1406 1940 i.
1423 1886 1507 1953 96.

572 1951 840 2003 AEsimides
883 1954 1156 2003 navarchus
1205 1955 1601 2020 Corcyraeorum,
1645 1952 1680 2002 i.

570 2080 730 2130 AEson
747 2081 939 2144 legatus
955 2082 1272 2147 Argivorum,
1296 2099 1343 2133 v.
1366 2096 1450 2144 4ο.

572 2145 882 2205 AEtheenses,
901 2148 933 2195 i.
953 2162 1062 2196 101.

566 2210 823 2272 ‘AEthiopia
852 2224 1002 2274 supra
1039 2212 1331 2278 AEgyptum,
1367 2202 1421 2262 ii.
1459 2212 1540 2275 48.
1571 2213 1683 2263 vide

635 2275 948 2334 Strabonem,
970 2277 1006 2325 1.
1029 2277 1082 2326 ii.

569 2340 740 2399 AEtna,
781 2354 925 2390 mons
959 2341 1158 2403 Sicilia,
1195 2340 1268 2391 iii.
1315 2341 1419 2391 116.
1455 2343 1684 2393 flammas

635 2411 845 2465 eructat,
869 2405 987 2455 ibid.

569 2470 853 2519 AEtolorum
877 2485 998 2534 gens
1019 2471 1197 2534 qualis,
1220 2471 1292 2520 iii.
1316 2485 1401 2536 94,
1426 2488 1500 2536 sq.
1535 2475 1681 2523 AEto·

634 2535 698 2584 lis
732 2534 916 2584 bellum
959 2536 1188 2616 inferunt·
1223 2537 1565 2597 Athenienses,
1608 2538 1681 2587 iii.

632 2610 696 2713 ἓξ
703 2604 1369 2717 ἐξορὲἔῗιὲἑεῒώωεῖξὶῒῖ.
1386 2603 1579 2731 16143ξί
1587 2618 1680 2718 ἐξ.

567 2730 960 2793 Agamemnonis
986 2731 1175 2790 classis,
1195 2732 1229 2780 i.
1255 2745 1303 2795 9.
1326 2733 1546 2796 ejusdem
1582 2734 1679 2783 im-

632 2792 824 2856 perium
848 2800 899 2843 et
914 2796 1152 2858 potentia,
1169 2796 1289 2845 ibid.

568 2857 959 2922 Agathan-hidas
978 2862 1079 2910 dux
1098 2861 1321 2910 Corinth.
1343 2862 1397 2910 ii.
1412 2862 1495 2923 83.

566 2923 905 2986 Agatharchus
921 2925 1094 2974 classis
1113 2926 1534 2991 Syracusanorum
1549 2942 1677 2991 pm-

634 2989 792 3038 fectus
812 2989 897 3038 vii.
923 3001 1003 3053 25.
1030 3000 1109 3054 7ο.

565 3054 872 3116 Ascendet,
894 3054 945 3104 i„
959 3069 1070 3119 139.

565 3118 892 3181 Agesippidas
913 3120 1091 3170 Laced.
1109 3135 1156 3169 ν.
1175 3118 1256 3183 56.

567 3182 693 3244 Agis
726 3183 1012 3233 Archidami
1048 3185 1117 3234 fil.
1158 3200 1247 3234 rex
1279 3185 1458 3235 Laced.
1492 3185 1565 3235 iii.
1596 3186 1679 3251 89.

630 3247 732 3295 dux
775 3248 1104 3309 expeditionis
1138 3250 1191 3298 in
1227 3252 1446 3300 Atticam
1485 3252 1681 3313 aliaque

631 3311 762 3368 loca,
786 3312 906 3361 ibid.
928 3320 980 3362 et
1010 3313 1077 3363 iv.
1103 3327 1154 3374 2,
1178 3331 1254 3378 sq.
1286 3331 1335 3364 v.
1361 3327 1442 3379 54.
1465 3327 1547 3380 57.
1571 3317 1681 3378 ejus

629 3383 805 3453 mugra
833 3377 1046 3455 Afs'wo·
1083 3394 1164 3434 m
1198 3387 1366 3442 genua,
1401 3396 1450 3429 v.
1479 3391 1564 3443 57,
1601 3396 1672 3443 sq.

628 3442 843 3505 Argivos
876 3443 1094 3493 inclusos
1118 3459 1148 3494 e
1183 3445 1412 3494 manibus
1445 3445 1674 3505 dimittit,

627 3522 678 3555 v.
700 3518 787 3570 59,
824 3522 897 3570 sq.
929 3508 994 3557 ob
1025 3508 1079 3558 id
1112 3524 1142 3557 a
1174 3509 1561 3561 Lacedaemoniis
1591 3525 1675 3561 ac·

628 3575 846 3630 enitatur,
868 3587 916 3621 v.
942 3571 1023 3635 63.
1045 3574 1227 3634 iterum
1250 3574 1304 3623 in
1327 3576 1538 3638 Argivos
1559 3590 1676 3638 pro-

626 3635 884 3696 ficiscitur,
907 3652 954 3717 v:
981 3636 1065 3702 65,
1088 3640 1179 3706 dac.
1212 3639 1321 3701 ejus
1342 3646 1668 3718 stratagema,

626 3703 1672 3830 fiz⁷5÷..‡53²?32.⁰⁰‘13323¹5.32²5232933

626 3831 921 3890 communit,
969 3834 1055 3882 vii.
1099 3847 1179 3898 19,
1219 3849 1294 3896 sq.
1326 3834 1442 3883 inde
1488 3835 1674 3885 bellum

627 3903 801 3944 contra
833 3896 1156 3950 Athenienses
1190 3898 1308 3959 ciet,
1343 3899 1429 3949 vii.
1462 3910 1542 3962 27.
1567 3901 1675 3963 ejus

627 3960 691 4036 ad
733 3961 1000 4014 Deceleam
1043 3970 1260 4026 potestas
1302 3971 1355 4013 et
1388 3965 1674 4025 auctoritas,

625 4023 729 4137 viiiii.
760 4035 808 4087 5.
865 4030 1086 4078 Athenas
1119 4029 1447 4093 nequidquam
1498 4036 1677 4088 tentat,

628 4104 681 4136 vi
720 4122 735 4137 .
756 4098 835 4151 ⁷²·

623 4220 1277 4347 ἷξῗαᾞξῗῶἶῖοῶἶί.
1296 4227 1673 4342 ἓξῖῗιῖῗ-ῗὲἰ

629 4351 786 4399 Grac.
808 4365 857 4413 p.
879 4363 994 4413 43¹·
1010 4351 1183 4415 Agrai,
1199 4353 1251 4402 ii.
1275 4367 1382 4403 1ο2.
1401 4356 1666 4420 Agrianes,

1815 523 1871 574 ii.
1892 522 1974 590 96.
1995 525 2109 577 vide
2126 526 2313 577 Herod.
2335 525 2372 576 l.
2392 541 2440 575 v.
2462 540 2506 576 c.
2528 524 2607 576 16.

1752 591 1878 654 Agri
1910 593 2156 653 quomodo
2186 608 2216 641 a
2246 591 2422 655 priscis
2451 593 2654 641 Graecia
2681 588 2876 639 ineolis

1817 656 2113 716 colerentur,
2157 657 2193 705 i.
2239 670 2288 706 2.
2334 671 2567 720 agrorum
2617 656 2876 705 hahitatio

1818 735 1967 784 quam
1982 728 2195 780 vetusta,
2214 722 2270 770 ii.
2299 735 2376 783 14·

1746 786 2073 849 Agrigentum
2113 802 2143 835 a
2180 786 2350 836 Gelois
2391 785 2669 847 conditum,
2709 784 2784 833 vi.
2820 795 2878 844 4.

1816 851 1928 899 vide
1958 851 2176 901 Cluverii
2210 852 2346 901 Sicil.
2381 868 2430 915 p.
2470 866 2582 901 202.
2616 851 2874 899 seditione

1811 914 2025 977 laborat,
2046 916 2135 965 vii.
2159 914 2244 977 46.
2267 931 2377 980 quo
2395 923 2568 980 postea
2597 916 2654 964 in
2688 915 2877 964 amici-

1813 980 1937 1029 tiam
1968 993 2206 1032 conversa
2234 989 2333 1041 est,
2354 982 2440 1031 vii.
2463 993 2545 1043 5ο.
2609 981 2875 1043 Agrigen-

1815 1044 1910 1095 tini
1932 1045 2094 1096 Nicia
2114 1047 2209 1097 iter
2238 1062 2327 1110 per
2358 1061 2533 1109 agrum
2563 1061 2710 1095 suum
2741 1047 2875 1093 dare

1815 1110 2070 1172 nolebant,
2092 1112 2179 1161 vii.
2201 1125 2283 1175 32.
2305 1111 2435 1161 bello
2460 1111 2779 1175 Syracusano
2817 1125 2877 1157 se

1814 1175 2002 1253 medios
2030 1184 2226 1240 gerunt,
2265 1176 2353 1225 vii.
2389 1190 2475 1239 33,
2507 1177 2599 1225 ἔω.
2636 1175 2723 1224 ubi
2760 1175 2872 1242 siti,

1749 1240 2053 1366 Aigiiesszis,
2071 1306 2145 1355 iii.
2170 1317 2251 1371 52.

1748 1368 1909 1422 Albus
1940 1386 2111 1422 murus
2143 1371 2292 1422 tertia
2327 1386 2444 1436 pars
2477 1370 2807 1433 Memphidis,
2837 1369 2878 1419 i.

1769 1435 1781 1446 '
1819 1439 1930 1495 ¹04·

1747 1497 1962 1559 Aloeus,
1985 1499 2193 1549 Athenis
2224 1501 2424 1561 archon,
2458 1517 2506 1551 v.
2535 1515 2611 1565 19.
2637 1513 2718 1563 25.
2751 1502 2872 1551 vide

1814 1563 1966 1614 Diod.
1985 1565 2138 1613 Sicul.
2157 1565 2193 1614 1.
2209 1566 2298 1615 xii.

1747 1628 2060 1688 Alcamenes,
2085 1630 2262 1680 Laoed.
2298 1630 2628 1681 Sthenelai'dae
2652 1630 2723 1679 m.
2758 1631 2870 1679 viii.

1812 1705 1864 1758 5.
1884 1695 1986 1743 dux
2007 1693 2178 1744 classis
2195 1696 2360 1759 Pelop.
2374 1696 2479 1744 viii.
2498 1696 2548 1743 8.
2567 1696 2631 1744 ab
2654 1696 2873 1744 Atheni-

1811 1760 2012 1808 ensibus
2044 1760 2107 1808 ad
2137 1760 2349 1810 Piraeum
2381 1761 2543 1810 victus
2572 1768 2626 1809 et
2659 1760 2869 1809 interfe-

1812 1831 1942 1881 ctus,
1964 1824 2067 1873 viii.
2096 1840 2173 1874 ιο.
2265 1881 2272 1888 ,

1745 1887 2043 1948 Alcibiades,
2079 1904 2258 1938 nomen
2306 1889 2633 1949 Lacoificum,
2669 1890 2778 1938 viii.
2817 1883 2867 1940 6.

1810 1953 2092 2004 Alcibiades
2122 1954 2300 2004 Clinia
2335 1955 2403 2003 fil.
2436 1972 2484 2005 v.
2514 1968 2597 2015 43.
2633 1955 2743 2017 ejus
2779 1971 2867 2018 ge-

1812 2034 1905 2067 nus
1927 2019 2135 2077 clarum,
2159 2020 2227 2069 ib.
2259 2035 2349 2069 cur
2382 2020 2592 2069 infestus
2626 2020 2863 2069 Lacedae-

1812 2084 2010 2143 moniis,
2034 2084 2152 2133 ibid.
2175 2099 2347 2134 eorum
2367 2085 2560 2148 legatos
2582 2086 2795 2145 deludit,
2817 2102 2865 2134 r.

1810 2159 1896 2211 45,
1921 2164 1995 2212 sq.
2027 2149 2133 2212 ejus
2157 2148 2213 2198 in
2234 2149 2625 2213 Peloponnesum
2661 2151 2865 2212 expedi-

1811 2213 1903 2273 tio,
1927 2229 1975 2262 v.
1999 2225 2081 2278 52.
2114 2221 2168 2264 et
2197 2214 2251 2263 in
2284 2217 2465 2279 Argos,
2487 2231 2537 2263 v.
2561 2216 2643 2274 84.
2679 2232 2814 2264 unus
2833 2231 2862 2263 e

1810 2278 2018 2328 ducibus
2052 2279 2106 2328 in
2133 2279 2356 2329 Siciliam
2391 2279 2672 2340 mittendis,
2708 2281 2776 2329 vi.
2814 2282 2861 2329 8.

1813 2344 2179 2406 expeditionem
2206 2351 2364 2408 urget,
2388 2344 2453 2393 vi.
2480 2356 2557 2407 15.
2580 2345 2861 2394 orationem

1810 2407 1977 2468 habet,
2007 2409 2075 2458 ib.
2104 2424 2210 2472 sqq.
2239 2415 2436 2459 taxatur
2471 2425 2502 2457 a
2534 2409 2709 2467 Nicia,
2741 2410 2860 2458 ibid.

1811 2472 1972 2523 Nicia
1992 2474 2294 2534 adversatur,
2313 2474 2430 2523 ibid.
2450 2474 2556 2537 ejus
2579 2475 2857 2538 ingenium,

1810 2539 1932 2598 vita,
1972 2554 2152 2597 mores,
2190 2540 2282 2588 διο.
2319 2539 2442 2600 ibid,
2480 2554 2553 2601 sq.
2584 2546 2639 2588 et
2676 2541 2745 2588 vi.
2783 2539 2858 2587 28.

1809 2603 1915 2666 eim
1927 2604 1981 2652 in
1997 2603 2128 2653 ludis
2140 2604 2446 2668 Olympiacis
2467 2604 2859 2667 magnificentia,

1811 2669 1880 2718 vi.
1918 2669 1994 2718 16.
2029 2677 2286 2718 accusatur
2315 2669 2376 2718 de
2414 2670 2623 2718 Hermis
2644 2669 2859 2726 viohtiffi

1808 2741 1862 2783 et
1881 2734 2129 2798 mysteriis
2150 2734 2440 2797 profanatis,
2463 2735 2532 2785 vi.
2567 2734 2648 2783 28.
2674 2746 2755 2798 53.
2778 2732 2856 2784 61,

1809 2799 1922 2847 vide
1955 2798 2291 2857 Plutarchum,
2325 2800 2592 2862 Nepotem,
2610 2807 2666 2849 et
2701 2800 2855 2848 Justi-

1808 2880 1948 2913 num.
1986 2871 2187 2926 paratur
2220 2864 2283 2913 ad
2327 2880 2381 2913 se
2423 2866 2764 2927 purgandum,
2794 2864 2857 2912 vi.

1810 3073 1918 3108 sam
1952 3059 2210 3108 dicendam
2242 3066 2519 3119 revocatur,
2551 3060 2620 3106 vi.
2658 3070 2742 3122 53.
2776 3058 2854 3109 61.

1808 3138 1910 3172 non
1932 3131 2089 3186 paret,
2112 3125 2199 3172 sed
2219 3117 2271 3172 in
2293 3124 2523 3173 exsilium
2539 3123 2669 3182 abit,
2685 3125 2753 3173 vi.
2775 3123 2854 3183 61,

1810 3203 1882 3251 sq.
1904 3188 2066 3250 capite
2086 3188 2351 3237 damnatur
2370 3189 2435 3237 ob
2458 3189 2714 3237 desertum
2722 3189 2852 3251 judi-

1808 3254 1960 3313 cium,
1990 3253 2059 3302 vi.
2089 3250 2170 3302 61.
2192 3253 2331 3304 exsul
2352 3268 2416 3302 ex
2438 3268 2559 3316 agro
2578 3254 2772 3303 Thurio
2803 3255 2856 3303 in

1807 3318 2201 3380 Peloponnesum
2216 3318 2564 3380 proficiscitur,
2581 3318 2855 3368 ibid.exsu‘l

1806 3383 2014 3448 Sparta,
2056 3384 2284 3432 oratione
2334 3384 2743 3433 Lacedaemonios
2794 3385 2855 3433 ad

1804 3447 1989 3497 bellum
2026 3447 2408 3498 Atheniensibus
2435 3448 2754 3499 inferendum
2775 3463 2855 3498 ex-

1806 3512 1947 3573 citat,
1970 3512 2038 3561 vi·
2069 3512 2152 3577 89.
2173 3527 2278 3575 sqq.
2331 3513 2496 3563 Endio
2518 3512 2721 3576 Ephoro
2742 3514 2853 3563 hos·

1806 3592 1893 3641 pes
1912 3583 2165 3640 paternus,
2188 3577 2290 3627 viii.
2311 3577 2395 3638 48.
2449 3578 2854 3627 Lacedaemonios

1800 3642 1864 3690 ad
1886 3642 2091 3691 classem
2120 3642 2174 3691 in
2207 3642 2385 3692 Chium
2414 3643 2714 3692 mittendam
2743 3645 2852 3692 hor-

1802 3713 1955 3765 tatur,
1977 3707 2096 3756 ibid.
2134 3707 2190 3756 in
2223 3707 2403 3758 Chium
2435 3722 2551 3757 cum
2586 3708 2852 3764 Chalciden

1802 3771 2034 3830 mittitur,
2060 3772 2166 3822 viii.
2206 3787 2284 3833 12,
2316 3788 2421 3836 sqq.
2452 3787 2533 3822 res
2562 3774 2618 3821 in
2655 3773 2746 3822 illa
2778 3772 2854 3821 in-

1805 3837 1916 3886 sula
1947 3843 2000 3887 et
2032 3838 2160 3887 circa
2204 3838 2436 3887 Miletum
2482 3837 2544 3886 ab
2584 3853 2647 3887 eo
2681 3845 2846 3904 gesta,

1807 3901 1911 3950 viii.
1954 3914 2033 3962 14.
2071 3912 2148 3966 17.
2184 3900 2268 3952 26.
2327 3902 2704 3965 Peloponnesiis
2739 3918 2843 3953 sus·

1805 3973 1979 4030 peetus
2022 3968 2086 4017 ad
2125 3967 2504 4030 Tissaphernem
2543 3982 2597 4017 se
2643 3970 2848 4024 confert.

1807 4031 1912 4080 viii.
1932 4043 2015 4096 45.
2044 4032 2243 4097 illisque
2261 4032 2531 4095 plurimum
2553 4032 2658 4083 suis
2687 4034 2845 4086 cousi·

1810 4097 1892 4147 liis
1915 4104 2077 4157 nocet,
2102 4098 2221 4147 ibid.
2244 4104 2296 4146 et
2310 4096 2397 4158 46,
2416 4108 2497 4160 47.
2520 4098 2736 4149 reditum
2753 4097 2843 4147 sibi

1802 4153 2478 4292 {emaum
2498 4173 2600 4277 τῇ.
2623 4164 2708 4292 ⁴⁵2·
2741 4163 2841 4290 εἴ,

2481 4262 2496 4286 ,
2604 4262 2618 4275 .
2706 4263 2723 4288 ,
2826 4262 2839 4275 .

1797 4291 2178 4354 Tissaphernem
2189 4292 2568 4358 Atheniensibus
2584 4292 2839 4342 conciliare

1803 4357 1983 4417 studet,
2008 4357 2111 4407 viii.
2133 4370 2216 4422 52.
2249 4359 2298 4409 ei
2326 4358 2512 4408 reditus
2543 4358 2600 4409 in
2633 4358 2835 4424 patriam
